3062 5070
608 404 821 468 ..57-

84 571 196 640 τσύνυν
238 569 368 644 ’κελεύει
404 575 441 638 τὸ
480 573 641 661 δαιμόνιον
676 575 732 639 καὶ
775 577 854 660 πρὸς
898 576 955 660 τὴν
992 573 1069 660 παρ’
1111 521 1209 660 αὐτης
1246 573 1333 640 δύσιν

86 676 298 764 μνημονεύειν
319 681 368 744 ὅτι
388 676 538 766 τοιαύτην
561 678 653 764 φύσιν
677 680 746 766 ἔχει
767 679 789 765 ἡ
809 677 892 766 τύχη
915 717 967 743 -.

194 887 360 953 XXXVII
377 891 404 953 1.
450 887 579 954 Codicis
593 885 624 955 V
646 891 843 971 scripturam
866 909 941 954 cum
966 885 996 959 Ο
1017 891 1044 954 si
1067 908 1247 972 comparas,
1270 911 1333 954 non

86 992 189 1057 modo
213 997 362 1075 apertam
384 994 536 1057 lacunam
560 995 619 1059 tibi
642 993 892 1076 deprehendere
914 993 1036 1057 videris
1058 994 1115 1058 sed
1139 996 1334 1078 etiamglos-

84 1115 182 1161 sema
204 1097 257 1176 (τὸ
280 1095 358 1160 αὐτὸ
380 1105 512 1181 πρᾶγμα
525 1095 599 1177 ἀεὶ).
635 1097 829 1162 Accuratius
851 1103 962 1161 autem
985 1100 1012 1161 si
1035 1099 1144 1162 locum
1167 1102 1334 1164 examina·

85 1201 192 1278 veris,
214 1201 311 1264 facile
333 1205 366 1264 te
384 1207 461 1282 puto
477 1219 711 1282 persuasurum
736 1201 802 1278 tibi,
826 1202 989 1266 vocabula
1012 1199 1169 1265 ἀδύνατον
1191 1203 1227 1265 τὸ
1251 1203 1329 1267 αὐτὸ

85 1311 224 1388 πρᾶγμα
246 1304 351 1367 ιιαιιὸν
374 1303 431 1366 καὶ
453 1303 579 1388 ἀγαθὸν
611 1304 690 1367 εἶναι
713 1323 785 1368 esse
807 1305 946 1368 hominis
969 1305 1056 1369 docti
1077 1306 1217 1369 alicuius
1238 1307 1335 1371 inter·

84 1409 322 1492 pretationem,
355 1427 442 1492 quae
472 1410 504 1472 in
536 1411 685 1490 margine
707 1411 850 1491 primum
878 1412 1028 1491 apposita
1049 1409 1169 1473 deinde
1191 1411 1333 1475 auctoris

84 1513 200 1578 verbis
234 1518 283 1576 est
313 1514 477 1596 iniuncta,
509 1514 557 1577 ita
590 1519 623 1576 ul
653 1515 714 1577 hoc
743 1530 876 1595 quoque
908 1515 981 1578 loco
1009 1532 1073 1579 non
1103 1513 1201 1578 modo
1228 1515 1333 1579 verba

84 1619 131 1682 ab
159 1623 296 1682 auctore
321 1618 432 1681 aliena
461 1636 537 1680 cum
559 1618 696 1700 reliquis
718 1618 838 1680 arctius
861 1618 924 1681 sint
946 1619 1133 1702 coniuncta,
1162 1617 1220 1682 sed
1252 1619 1334 1686 hacc

85 1725 160 1805 ipsa
181 1723 358 1786 immutata
380 1722 412 1784 in
436 1716 474 1790 G.

192 1929 252 1992 XL
275 1931 304 1993 1.
357 1929 432 1992 ὅταν
455 1934 603 2013 τιμῶνται
626 1927 682 1990 καὶ
705 1928 832 1991 οἴωνται
855 1926 906 1992 διὰ
929 1929 1049 1994 τούτων
1075 1929 1171 2016 μύνον
1195 1931 1332 1996 εἶναιτὸ

87 2032 288 2117 εὐδαιμονεῖν
311 2032 367 2095 καὶ
389 2031 488 2096 πάνθ’
510 2031 671 2117 ἑπομένως
694 2031 841 2115 πράττειν
865 2033 920 2096 καὶ
941 2035 981 2098 τά
1004 2033 1201 2122 ἀσεβέστατα
1222 2034 1332 2098 καὶτὰ

86 2136 287 2222 αἰσχρὸτατα
310 2134 469 2200 δοκοῦντα
492 2136 571 2200 εἶναι
593 2136 632 2202 ού
655 2143 877 2219 παραιτῦνται.
913 2140 964 2202 De
979 2140 1123 2203 hocloco
1148 2140 1187 2204 H.
1199 2137 1333 2221 Sauppe

84 2249 133 2324 (p.
156 2241 223 2304 770
245 2245 309 2324 sq.)
342 2243 526 2304 accuratius
549 2241 743 2322 disputavit,
775 2243 833 2324 qui
855 2244 965 2308 verbis
989 2242 1256 2322 antecedentibus
1278 2261 1333 2325 op·

85 2347 169 2410 time
190 2346 371 2408 constitutis
394 2344 558 2408 vocabula
581 2345 623 2427 μὴ
646 2351 871 2426 παραιτιῖινται,
901 2365 989 2429 quae
1012 2346 1100 2428 apud
1123 2347 1332 2424 Drosilrnum,

85 2450 145 2532 qui
168 2467 210 2512 ea
233 2449 391 2512 exlribere
413 2443 479 2513 ΒΙ)
501 2448 717 2530 opinabatur,
740 2448 908 2534 leguntur,
931 2450 1097 2532 glossema
1119 2469 1191 2514 esse
1212 2452 1333 2529 statuit,

85 2573 164 2618 cum
205 2570 269 2617 non
303 2551 346 2637 μὴ
379 2557 595 2635 παραιτῦινται
626 2551 683 2616 sed
707 2551 745 2615 ού
767 2560 993 2636 παραιτοῦνται
1017 2554 1169 2618 debuerit
1189 2553 1334 2619 scribere

85 2663 211 2722 auctor.
235 2655 300 2722 Sed
322 2662 431 2720 exstat
453 2655 491 2718 ού
514 2658 548 2720 in
570 2657 682 2721 codice
704 2653 738 2724 V
760 2662 800 2736 et,
824 2658 912 2742 quod
937 2664 1152 2741 παραιτῦινται
1175 2659 1333 2741 scriptum

84 2767 142 2846 est,
165 2777 231 2824 non
253 2765 487 2844 παραιτοῦνται,
510 2761 543 2824 id
565 2762 635 2825 solo
659 2781 771 2827 errore
793 2763 827 2826 in
851 2762 966 2826 litteris
989 2781 1015 2823 u
1038 2766 1121 2825 stou
1136 2763 1334 2843 saepissime

85 2865 232 2930 admisso
255 2865 376 2929 iactum
400 2869 463 2942 est;
497 2866 717 2948 quamobrem
750 2885 827 2931 mea
848 2864 984 2950 quidem
1007 2867 1168 2931 sententia
1190 2883 1253 2930 non
1276 2875 1333 2946 est,

85 2988 144 3033 eur
178 2970 262 3032 haec
294 2967 456 3032 vocabula
489 2967 671 3033 deleamus.
735 2971 848 3036 Restat
881 2970 982 3035 ctiam
1015 2969 1126 3046 aliud,
1171 2971 1333 3036 vocabula

85 3081 236 3158 τιμῶνται
269 3071 325 3137 καὶ
357 3070 484 3155 (τιμῶσί
505 3091 540 3137 τε
563 3073 644 3137 αὐτὰ
666 3073 722 3136 καί
745 3076 842 3158 Vulg.
865 3076 973 3154 Dros.)
1003 3079 1175 3156 tamquam
1206 3073 1331 3138 addita·

86 3183 235 3242 mentum
258 3196 280 3242 a
303 3177 427 3245 Cebete
450 3181 597 3244 alienum
620 3179 743 3243 delerit
765 3181 804 3244 H.
827 3181 976 3262 Sauppe,
1010 3178 1092 3240 mihi
1122 3177 1256 3261 quidem
1287 3178 1333 3242 le·

87 3283 181 3346 viore
214 3284 397 3350 mutatione
431 3301 490 3366 pro
522 3289 690 3366 τιμῶνται,
725 3283 812 3366 quod
843 3287 976 3366 propter
998 3283 1172 3365 insequens
1194 3281 1332 3346 verbum

88 3385 216 3450 οἴωνται
238 3386 395 3451 facillime
418 3388 499 3451 vitio
521 3388 763 3451 assimilationis
774 3391 883 3451 ortum
900 3391 957 3465 est,
979 3385 1111 3450 videtur
1122 3383 1332 3449 scribendum

88 3509 161 3555 esse
183 3496 303 3574 τιμῶσι,
336 3509 421 3574 cum,
451 3490 531 3573 quid
553 3489 617 3554 sibi
640 3489 717 3554 velit
742 3493 804 3555 hoc
826 3493 998 3574 glossema,
1020 3491 1157 3554 minime
1178 3491 1220 3554 sit
1241 3507 1334 3572 aper·

89 3599 166 3659 tum.
214 3593 278 3658 Sed
302 3594 392 3657 aliud
415 3597 576 3676 superest,
606 3593 710 3656 verba
740 3593 815 3657 ὅταν
838 3593 1026 3678 aptiores!
1049 3595 1176 3658 οἴωνται
1197 3595 1330 3658 omnino

89 3716 152 3762 non
174 3697 352 3762 cohaerent
373 3716 448 3760 curn
471 3694 753 3778 antecedentibus,
784 3715 989 3780 quamquam
1012 3699 1068 3776 iis,
1091 3715 1150 3761 cur
1173 3715 1223 3780 ea,
1246 3715 1333 3778 qnae

90 3801 138 3864 bis
161 3801 271 3866 verbis
293 3802 507 3886 continentur,
528 3798 881 3882 accidanthominibue,
904 3801 1163 3882 demonstratur,
1197 3802 1334 3865 sortasse

90 3905 287 3970 vocabulum
311 3905 519 3969 &retortum
542 3909 589 3970 est
612 3923 655 3968 ex
677 3903 724 3966 ὅτι
747 3903 786 3966 ἀν
806 3905 860 3968 vel
884 3903 931 3966 ὅτι
954 3901 1026 3988 ἐὰν,
1061 3906 1107 3968 ita
1140 3908 1175 3968 ut
1197 3903 1333 3986 Sauppii

90 4007 372 4074 emendationibus
408 4009 548 4092 receptis
591 4009 652 4072 hoc
684 4007 783 4072 modo
811 4007 853 4070 sit
882 4011 968 4070 totus
1003 4007 1092 4072 loeus
1125 4007 1332 4074 scribendus:

89 4109 144 4176 ast
170 4112 208 4176 τὸ
240 4108 376 4176 σύνολον
410 4108 456 4175 δέ·
480 4110 546 4176 ἐστὶ
567 4111 604 4175 τὸ
625 4119 716 4196 τιμᾶν
739 4117 839 4175 ταῦτα
862 4107 904 4188 ὡς
927 4107 1080 4198 ἀγαύάἠ
1106 4110 1265 4197 ἀτιμάζειν
1289 4112 1332 4191 ὡς

89 4215 189 4298 κακά,
210 4223 305 4280 τοῦτο
328 4213 357 4278 δ’
379 4214 445 4280 ἔστι
467 4217 503 4280 τὸ
526 4213 682 4299 ταράττον
704 4217 779 4292 τοὺς
802 4213 995 4300 ἀνθρώπους
1017 4213 1073 4278 καὶ
1096 4211 1249 4300 βλάπτον·
1273 4217 1331 4298 ὅτι,

90 4317 145 4386 rev
166 4327 279 4406 τιμῶσι
310 4319 367 4384 καὶ
389 4321 516 4385 οἴωνται
540 4317 592 4384 διὰ
613 4318 734 4386 τούτων
757 4319 860 4403 μόνων
884 4319 1021 4384 εἶναιτὸ
1045 4316 1255 4400 εὐδαιμονεῖν,
1277 4317 1333 4382 καὶ

91 4423 188 4490 πάνθ’
224 4422 420 4510 ὑπομένουσι
454 4423 600 4510 πράττειν
634 4425 690 4488 καί
711 4427 751 4489 τὰ
774 4423 970 4512 ἀσεβέστατα
994 4422 1112 4487 καὶτὰ
1134 4419 1332 4506 αἰσχρύτατα

91 4529 251 4596 δοκοῦντα
272 4529 353 4594 εἶναι
374 4530 413 4596 ού
436 4537 672 4616 παραιτοῦνται.
