3062 5070
618 393 832 478 ..43-

205 587 246 653 11.
279 587 367 653 Tum
395 586 498 650 alium
534 604 678 670 eumque
700 586 845 650 melioris
867 565 996 667 generis
1019 585 1165 650 codicem
1188 585 1221 649 in
1244 582 1345 651 mani·

274 689 337 756 bus
360 683 490 770 habuit,
524 707 623 773 quem
646 676 682 756 Α
703 689 805 752 tuisse
827 689 1007 752 verisimile
1029 693 1093 773 est,
1125 709 1200 753 curn
1225 692 1345 755 mirum

158 791 163 802 '
272 795 308 858 in
340 793 477 858 modum
510 793 663 857 d'eticiant
694 793 877 875 scripturae
908 793 1056 858 eiusdem
1086 794 1293 880 integritatis,
1326 815 1347 859 e
1404 805 1406 810 '

274 915 340 981 quo
362 897 469 978 capite
492 896 611 962 desinit
634 893 678 965 A.

185 999 244 1066 Ill.
277 1002 395 1084 Itaque
415 1019 481 1065 non
503 1001 648 1066 melioris
670 990 798 1084 generis
820 991 1014 1086 exemplari,
1037 1000 1124 1084 quod
1141 1003 1246 1065 totum
1259 1021 1346 1066 com·

273 1105 478 1187 plectebatur
489 1105 650 1183 libellum,
673 1125 750 1170 usus
760 1108 828 1188 est3
849 1104 916 1183 sed,
940 1121 1040 1188 quem
1058 1109 1189 1187 praeter
1203 1100 1269 1174 Ac
1292 1105 1347 1169 sd-

276 1209 382 1274 hibuit
403 1209 551 1274 codicem
574 1229 742 1294 quemque
764 1208 863 1274 bodie
884 1210 1083 1294 ignoramus,
1104 1209 1132 1274 is
1154 1208 1284 1274 videtur
1295 1228 1347 1275 co·

275 1313 340 1379 dici
361 1307 396 1381 V
419 1313 520 1378 luisse
541 1314 739 1378 simillimus.

187 1415 244 1484 1v.
276 1418 450 1485 Nonnullis
474 1417 618 1500 denique
640 1419 720 1483 locis
743 1414 868 1485 oumM
890 1419 1011 1482 mirum
1034 1421 1193 1502 quantum
1217 1436 1348 1482 consen·

275 1523 334 1586 liat
356 1541 432 1586 cum
454 1515 558 1606 Bm),
592 1520 745 1586 videntur
768 1523 800 1585 hi
823 1523 894 1586 esse
917 1522 1072 1604 excerpti,
1094 1522 1157 1586 nisi
1178 1523 1212 1585 in
1235 1517 1348 1587 codice

274 1625 331 1690 illo
353 1627 463 1708 ignoto
486 1625 606 1689 eedem
628 1626 791 1690 exstitisse
813 1626 919 1690 verba
942 1629 1105 1708 putemus.

204 1729 243 1796 V.
275 1731 454 1794 Praeterea
481 1735 593 1794 autem
627 1728 780 1793 videntur
802 1729 975 1794 hominum
997 1729 1170 1794 doctorum
1193 1730 1348 1796 emcnda-

276 1834 378 1899 tiones
401 1833 550 1898 codicum
573 1833 740 1915 scripturis
765 1851 836 1898 esse
858 1834 992 1919 mixtae,
1014 1835 1076 1898 nisi
1094 1837 1202 1916 potius
1214 1836 1347 1900 tertium

276 1937 445 2003 Meibomii
476 1938 624 2002 codicem
658 1955 730 2001 esse
761 1941 944 2002 correctum
988 1939 1032 2002 ab
1064 1939 1198 2004 bomine
1233 1939 1346 2024 aliquo

275 2042 409 2123 liuguae
431 2039 572 2124 greecae
594 2042 699 2123 perito
722 2041 941 2107 statuendum.

207 2143 305 2210 Unde
329 2145 468 2209 efficitur
489 2146 626 2210 minime
647 2146 815 2228 scripturis
837 2146 1051 2212 aMeibcmio
1069 2150 1232 2231 excerptis
1248 2147 1347 2213 tidem

96 2267 177 2316 esse
198 2247 393 2334 habendam,
417 2269 493 2314 cum
515 2251 548 2313 in
571 2250 681 2332 priore
703 2232 810 2314 libelli
831 2256 925 2333 parte
947 2250 1032 2314 adsit
1043 2253 1114 2332 ipse
1125 2252 1230 2317 codex
1247 2248 1292 2336 A,
1313 2254 1346 2317 in

98 2355 286 2439 posteriore
306 2348 360 2436 V,
397 2355 509 2418 multis
532 2357 704 2436 praetcrea
725 2354 825 2433 locis,
859 2353 978 2438 quibus
1003 2353 1100 2419 valde
1122 2356 1278 2420 differunt
1300 2357 1346 2420 in·

98 2465 155 2524 ter
177 2475 214 2523 se
235 2460 354 2543 reliqui
376 2459 525 2543 codices,
559 2457 651 2522 nulla
680 2477 702 2522 a
723 2457 901 2524 Meibomio
923 2457 1079 2522 adnotata
1100 2460 1142 2522 sit
1163 2462 1346 2542 scripturae

100 2563 334 2645 discrepantia.
400 2563 614 2647 Quemquam
647 2581 711 2626 non
745 2579 878 2643 prorsus
900 2565 978 2643 puto
1001 2578 1058 2624 eas
1080 2579 1152 2626 csse
1174 2563 1348 2646 neglegen-

97 2667 171 2746 das,
194 2667 273 2754 sed,
305 2670 499 2751 priusquam
533 2665 687 2733 scodice
709 2668 780 2749 ipso
802 2669 952 2748 reperto,
987 2683 1076 2747 quae
1099 2667 1133 2729 in
1156 2683 1196 2730 eo
1220 2673 1349 2731 exstent

96 2772 242 2854 scripte,
276 2771 494 2857 cognoscendi
527 2771 664 2836 facultas
688 2776 737 2835 est
758 2772 854 2855 fecte,
875 2771 958 2834 sicut
982 2770 1153 2834 bominum
1177 2769 1347 2835 doctorum

98 2873 386 2941 emendationibus
407 2877 448 2939 iis
469 2877 547 2940 licet
568 2877 631 2955 uti,
665 2875 845 2940 dummodo
879 2875 959 2939 nibil
995 2875 1128 2939 omuino
1157 2891 1214 2938 ess
1236 2875 1349 2940 valere

98 2978 145 3044 sd
168 2977 297 3044 cedices
319 2980 541 3045 aestimandos
564 2985 745 3045 teneamus.

207 3079 384 3162 Quomodo
406 3089 519 3149 autem
542 3086 665 3148 tactum
687 3086 750 3163 sit,
784 3088 821 3148 ut
837 3085 1058 3166 complurium
1080 3083 1228 3148 codicum
1251 3081 1349 3165 scrip

99 3193 207 3266 turae,
240 3188 366 3253 mixtae
388 3189 489 3253 etiam
512 3187 649 3253 fortasse
671 3189 840 3253 bominum
863 3188 1035 3253 doctorum
1058 3186 1350 3272 emendationibus,

99 3297 274 3375 tamquam
297 3293 394 3356 unius
416 3295 544 3374 essent,
575 3293 610 3355 in
631 3293 803 3357 Meibomii
825 3291 967 3356 editione
989 3292 1219 3374 proferrentur,
1253 3291 1350 3356 facile

100 3395 137 3460 id
160 3412 200 3460 eo
222 3399 329 3477 potest
350 3395 444 3460 reddi
465 3395 647 3480 probabile,
674 3397 763 3479 quod
784 3396 982 3461 Meibomius
1005 3414 1070 3460 non
1092 3396 1162 3478 ipse
1183 3394 1225 3459 ad
1249 3397 1349 3459 tinem

101 3498 260 3582 perduxit
281 3515 363 3582 opus
385 3501 569 3582 inceptum3
591 3519 692 3583 quam
715 3502 811 3565 lacile
833 3505 955 3586 autem,
976 3501 1005 3566 si
1019 3499 1156 3564 alterius
1171 3518 1252 3563 cure
1268 3517 1350 3581 opus

102 3603 240 3687 aliquod
251 3605 428 3688 conficitur,
450 3603 664 3668 admittantur
683 3622 903 3684 ercomenon
914 3609 972 3686 est,
988 3603 1077 3688 quod
1089 3601 1350 3684 demonstrem').

209 3949 232 4019 ί)
260 3947 336 4002 IV1
365 3950 416 4004 clla
434 3951 467 4001 ἂν
486 3949 625 4017 φθονοίης.
662 3945 763 4000 vnle
789 3951 862 4004 ταῦτ’
879 3951 927 4003 οὖν
946 3952 1007 4018 Ιφη.
1043 3947 1144 4000 luxa
1176 3950 1243 4015 πρὸς
1260 3948 1349 4013 ἰατρὸν

105 4037 198 4104 δήπου.
234 4035 309 4088 XXV
330 4037 493 4105 2ἡπῑστατο
510 4037 597 4089 οὐδὲν.
633 4034 738 4088 XXXII
756 4036 773 4087 5
792 4037 942 4091 ἀπόλλυται
958 4041 1061 4102 κακῶς.
1078 4065 1114 4078 -
1142 4033 1269 4087 Χ1και
1286 4049 1350 4086 σκο-

103 4126 189 4178 τεινόν
212 4124 310 4178 abacos
336 4129 385 4178 καὶ
402 4129 530 4192 γυναῖκες
547 4136 644 4176 omnes
662 4123 742 4178 codd.
779 4121 859 4178 lteib.
878 4125 948 4196 [not
966 4140 991 4194 p.
1009 4122 1064 4194 ³0.)
1092 4120 1254 4192 proposuit:
1288 4135 1351 4172 aas·

105 4213 205 4278 τιινόνς
225 4212 286 4278 ὁρῶ.
314 4213 420 4264 οὐκοῦν.
457 4209 497 4264 Β
516 4225 552 4262 m
569 4206 605 4262 ΙΙ,
623 4209 685 4262 edd.
704 4213 767 4278 ὁρῶ.

211 4295 234 4368 ¹]
283 4297 388 4351 Eadem
424 4295 460 4348 ds
492 4310 573 4348 cause
607 4295 716 4365 aliquot
747 4297 815 4350 locis
854 4313 910 4350 non
949 4311 1028 4348 veras
1062 4292 1162 4346 codicis
1197 4292 1348 4360 scripturas

105 4379 242 4452 exhiberi,
259 4399 322 4437 cmn
340 4383 475 4436 erraverit
494 4379 644 4452 Relendus,
663 4385 749 4452 possis
767 4385 908 4454 suspicari.
926 4383 958 4436 cs.
975 4380 1001 4433 X
1019 4381 1036 4432 3
1053 4381 1070 4447 ἡ
1090 4381 1119 4432 a
1136 4379 1251 4444 ἀδελφὴ.
1277 4373 1315 4426 Vl
1334 4375 1351 4426 3

105 4471 123 4538 ἡ
142 4471 267 4536 didm
286 4469 311 4522 X
330 4470 346 4523 1
365 4471 501 4527 σκοπινὸν
520 4470 602 4537 μάλα,
621 4475 652 4522 ut
670 4470 725 4524 alis
742 4471 887 4542 omittsm;
905 4470 968 4522 eliis
987 4464 1157 4536 typogrepbl
1175 4464 1292 4516 tortasse
1311 4477 1351 4514 er·

107 4569 184 4610 rores
200 4559 317 4610 exstent.
