3062 5070
539 409 824 518 1-75-

89 601 172 647 eum
208 579 340 648 Odexio
374 583 407 646 in
439 583 512 647 ioco
548 601 567 646 e
596 600 623 645 o.
653 581 734 646 XIV
766 582 789 644 4
816 600 915 664 snpra
945 583 1073 664 prolato
1107 589 1139 649 ei
1169 585 1341 666 paululum

91 685 224 750 recedit
245 686 291 750 eb
312 686 369 750 illo
392 688 424 749 in
447 705 473 750 e.
496 686 629 751 XXXV
653 684 713 769 3¹),
736 690 772 749 ut
794 687 875 751 elios
898 686 1056 752 omittam.

201 823 315 908 Quare
329 829 386 889 aut
408 845 452 889 ex
474 822 591 890 eodem
617 830 797 907 uirumque
819 826 966 890 hausisse
989 825 1076 891 fonte
1099 831 1155 890 out
1172 825 1341 893 Odexium

94 930 228 993 novisse
235 927 489 1012 Questenbergii
501 930 686 994 versionem
700 929 797 993 facile
808 930 958 1008 oonieias,
971 949 1055 1008 oum,
1068 932 1244 1012 quominus
1255 929 1343 994 huno

95 1051 142 1096 ex
154 1033 244 1096 illius
260 1035 515 1114 transscripsisse
529 1051 624 1096 suam
639 1036 831 1112 statuamus,
855 1037 888 1096 ei
902 1033 974 1096 loeo
990 1052 1010 1096 e
1025 1052 1051 1096 o
1067 1033 1146 1098 XIV
1171 1035 1190 1096 2
1206 1033 1342 1097 laudato

96 1141 131 1200 et
160 1153 210 1220 ee,
233 1135 321 1219 quod
348 1136 452 1200 verbe
478 1135 554 1202 inde
577 1155 599 1198 o
620 1154 646 1198 o.
668 1135 727 1198 XL
755 1135 774 1198 2
804 1133 971 1218 (ἀγνοοῦσι
986 1136 1049 1220 γὰρ
1065 1156 1095 1198 κ.
1112 1156 1139 1199 τ.
1156 1133 1203 1218 λ.)
1225 1136 1342 1200 desunt

97 1238 186 1321 opud
202 1237 506 1324 Questenberginm‚
522 1239 767 1322 prohibeamur,
789 1240 851 1302 nisi
867 1244 996 1322 praeter
1011 1238 1134 1306 Odaxii
1155 1240 1342 1304 versionem

98 1342 189 1406 uliud
212 1343 313 1407 otiam
335 1362 491 1425 graecum
515 1343 687 1424 exemplar
710 1340 796 1406 huno
818 1342 1008 1408 adhibuisse
1031 1347 1195 1426 putemus.

202 1481 269 1546 Sed
297 1480 551 1564 attigissehoeo
571 1483 724 1568 sufficiat,
753 1502 829 1548 eum
857 1484 938 1547 nihil
968 1483 1100 1547 omnino
1131 1482 1341 1565 proficiamus

100 1588 161 1651 hee
182 1606 221 1652 re
242 1593 395 1650 accurate
418 1591 564 1652 trocheis.

207 2210 227 2277 ¹)
248 2211 377 2270 Quoniam
402 2212 448 2276 qui
470 2211 598 2275 inprime
617 2211 716 2260 ambito
739 2217 818 2261 eunt.-
837 2211 865 2259 in
883 2227 912 2262 co
929 2210 1018 2260 colmie
1030 2217 1182 2276 praestum:
1209 2213 1280 2274 quod
1295 2229 1344 2276 qne

100 2298 232 2348 navium.-
251 2296 347 2346 neeciro
360 2314 386 2347 oe
403 2314 456 2346 non
473 2297 645 2347 dissimulant.
663 2297 690 2345 in
708 2298 818 2347 secondo
831 2312 889 2346 vero
902 2296 948 2361 qui
963 2303 1039 2346 eone:
1052 2297 1120 2346 illud
1134 2303 1199 2346 certe
1212 2298 1342 2348 isoncium:

102 2385 172 2448 qnod
187 2381 252 2433 scire
269 2398 295 2432 ne
308 2383 471 2447 profitentur.
