3062 5070
706 429 921 491 ..26-

193 602 273 666 XIV
296 603 317 665 4
341 599 531 684 ψευδοποιΐᾳ
554 597 628 662 οὐδὲ
847 599 1074 685 ψευδοποιιδεόα
1119 597 1273 662 οὐδέποτε
1316 596 1441 662 ἀπολυ-

883 706 1039 790 θησονται
1062 702 1136 768 οὐδὲ
1168 696 1441 770 AVLBRPCK
1520 785 1521 788 η

840 814 956 877 desunt
989 816 1125 892 excepto
1159 807 1322 870 vocabulo
1363 802 1442 868 οὐδὲ
1520 789 1521 880 J

885 921 1016 998 propter
1039 916 1191 977 lacunam
1214 912 1246 972 In
1269 905 1352 976 DW
1520 907 1521 916 ’

194 1035 258 1099 XV
283 1038 298 1098 1
326 1033 407 1097 ἐστιν
432 1035 510 1118 αὕτη
534 1033 554 1120 ἡ
579 1033 651 1110 όδός
840 1039 919 1122 αὕτη
941 1035 962 1121 ἡ
988 1034 1061 1113 όδός
1085 1033 1166 1097 ἐστιν

194 1155 274 1220 XVI
299 1158 314 1218 1
341 1153 513 1232 εὐτάκτους
842 1158 1034 1235 εὐεκτοὺσοις

194 1277 274 1340 XVI
298 1279 314 1340 1
340 1274 418 1352 τίνες
442 1275 520 1360 φημὶ
542 1274 715 1340 καλοῦνται
841 1280 921 1358 τίνες
944 1278 1118 1343 καλοῦνται
1142 1277 1218 1361 ἔφην

192 1399 273 1462 XVI
294 1400 317 1461 4
338 1395 565 1484 καταβαίνουσι
843 1397 1155 1488 προσκαταβαίνουσι

193 1517 274 1583 XVI
298 1524 317 1583 5
339 1520 395 1582 καὶ
414 1518 589 1604 άληθεινὴν
843 1527 923 1608 πρός
945 1526 1001 1607 τὴν
1025 1519 1180 1606 ἀληθινὴν

193 1642 290 1706 XVII
314 1645 330 1704 1
357 1640 416 1725 ἔφη
442 1640 623 1724 ἔμπροσθεν
650 1649 705 1705 τοῦ
734 1642 788 1705 άλ-
844 1647 903 1731 ἔφη
938 1644 992 1707 καὶ
1027 1641 1208 1727 ἔμπροσθεν
1238 1647 1295 1704 τοῦ
1320 1638 1444 1713 ἄλσους

238 1766 312 1820 σους
336 1742 459 1807 ἐκείνου
482 1744 537 1806 καὶ
560 1745 657 1810 τόπον
886 1746 1011 1812 ἐκείνου
1036 1745 1133 1810 τόπον

194 1871 309 1934 XVIII
333 1872 351 1932 2
376 1868 441 1954 μετ’
464 1870 560 1954 αὐτῆς
845 1873 924 1956 μετὰ
946 1869 1060 1955 ταύτης

194 1995 308 2059 XVIII
331 1995 353 2057 4
374 1991 442 2056 τίνοι
465 1993 540 2058 εἰσὶν
564 1993 585 2055 ἂ
843 1991 911 2057 τόνοι
934 1991 1017 2056 ἐστὶν
1042 1993 1061 2054 ά

195 2117 307 2182 XVIII
329 2119 351 2181 4
374 2137 451 2180 ποτε
468 2094 584 2180 παθεῖν
609 2116 641 2180 ἔν
666 2125 709 2202 τῷ
733 2115 789 2203 βίῳ
844 2135 922 2178 ποτε
945 2113 1045 2177 δεινόν
1069 2113 1184 2177 παθεῖν
1199 2108 1357 2197 ἐντῶβόω
1373 2106 1447 2177 AV

887 2213 1120 2286 LBRDPCK

844 2359 921 2402 ποτε
945 2335 1061 2401 παθεῖν
1086 2337 1118 2401 ἔν
1142 2345 1185 2402 τῶ
1203 2334 1260 2423 βίω
1274 2335 1376 2399 δεινόν
1397 2333 1447 2404 W

195 2450 279 2513 XIX
303 2452 317 2511 1
346 2448 370 2511 ὢ
394 2446 545 2532 ἡράκλεις
844 2457 995 2544 ηράχλεης

195 2573 279 2637 XIX
302 2574 320 2634 2
344 2570 506 2654 φιλότιμος
737 2599 740 2613 ·
789 2591 791 2598 ·
845 2577 1014 2665 φιλοτίμως

195 2693 278 2757 XIX
301 2695 323 2757 4
343 2695 397 2758 τόν
424 2693 519 2756 αὐτὸν
543 2691 581 2776 δὴ
605 2690 722 2775 τρόπον
844 2703 898 2765 τόν
924 2701 1020 2764 αὐτόν
1043 2699 1147 2764 τοίνυν
1166 2700 1289 2785 τρόπον
1394 2699 1397 2706 ’

195 2837 278 2900 XIX
298 2836 320 2900 4
342 2833 430 2895 κακὰ
454 2833 515 2894 ὅσα
846 2844 935 2906 κακά
958 2842 1061 2907 πάντα
1085 2844 1146 2907 ὅσα

195 2978 321 3041 ΧΙΧ5
356 2975 444 3057 παρὰ
477 2982 531 3058 της
566 2969 697 3054 ἀπάτης
723 2969 793 3032 ἐπε·
847 2977 999 3041 ἔπεπόκει
1022 2977 1110 3058 παρὰ
1131 2984 1186 3058 τῆς
1210 2974 1333 3060 ἀπάτης
1358 2973 1392 3042 Α

240 3079 334 3142 πόνει
848 3080 1008 3145 ἐπεπώκει
1030 3080 1117 3162 παρά
1140 3088 1194 3163 τῆς
1219 3078 1342 3164 ἀπάτης
1379 3076 1446 3147 Vh

891 3177 1144 3253 BRDWPCK

198 3325 281 3388 XIX
305 3327 324 3386 5
347 3330 391 3406 τῷ
414 3321 573 3409 περιβόλῳ
845 3331 890 3388 τῶ
914 3321 1030 3406 πρώτω
1054 3318 1213 3410 περιβόλῳ

197 3463 263 3526 XX
288 3462 303 3524 4
331 3459 409 3543 ἔφην
433 3457 475 3536 ὡς
498 3458 544 3543 ἐφ’
560 3458 642 3543 ὧραι
659 3459 794 3544 μάλιστα
850 3467 928 3550 ἔφην
952 3462 994 3541 ὡς
1018 3461 1081 3546 ἐγὼ
1105 3458 1241 3544 μάλιστα
1264 3457 1298 3526 Α

849 3589 926 3673 ἔφην
951 3585 992 3662 ὡς
1016 3584 1119 3668 ἔγωγε
1142 3577 1278 3666 μάλιστα
1292 3579 1447 3651 VRDW
1518 3665 1519 3680 η

890 3687 953 3760 Pe

849 3811 926 3896 ἔφην
952 3809 1053 3894 ἔγωγε
1077 3806 1213 3893 μάλιστα
1237 3802 1268 3873 Β
1518 3767 1519 3831 I

849 3933 926 4017 ἔφην
949 3932 1005 3994 καὶ
1028 3930 1130 4015 ἔγωγε
1152 3926 1310 3993 κάλλιστα
1334 3926 1364 3997 L

850 4122 928 4205 ἔφην
951 4105 1006 4183 λαὶ
1028 4120 1130 4205 ἔγωγε
1144 4067 1311 4184 “Imma
1334 4110 1373 4187 l²'

851 4244 893 4321 ὡς
917 4243 1053 4329 μάλιστα
1076 4244 1154 4328 ἔφην
1178 4243 1279 4327 ἔγωγε
1303 4240 1340 4311 Κ

199 4385 282 4447 XXI
309 4386 320 4446 1
349 4384 391 4460 εἰς
852 4385 930 4467 πρός

199 4519 283 4588 XXI
307 4525 325 4583 2
350 4527 403 4589 τόν
421 4521 544 4608 ὑψηλόν
567 4522 666 4587 τόπον
852 4525 888 4588 τό
911 4522 1035 4609 ὑψηλόν
1060 4522 1166 4587 ἐκεῖνο
