3062 5070
613 397 827 460 ..¹27-

94 573 186 637 1111
219 569 305 636 ἀλλὰ
326 569 412 636 τουτὶ
434 577 560 656 πρῶτον
584 567 634 633 δεῖ
653 568 689 653 ἡ·
740 575 961 652 praeterquam
992 564 1075 651 quod
1104 571 1245 650 oporteat
1266 566 1336 648 pri-

140 685 203 760 μᾶς
227 675 365 740 ἀκοῦσαι
785 692 870 734 eurora
892 678 926 734 ut
949 669 1091 734 erudiatis
1113 670 1250 734 Eliehm.

742 795 804 838 aar
827 773 901 838 does
924 795 955 838 es
975 773 1039 838 eicie
1063 794 1122 838 oou
1138 793 1214 838 ooru
1227 771 1338 836 tercia

785 878 908 961 subiciet,
932 877 1006 942 dass
1021 877 1072 941 ihr
1090 877 1162 941 horr
1184 876 1335 958 Lagarde

95 987 177 1056 VIII
202 989 221 1050 2
250 984 280 1049 οἱ
301 983 466 1070 εἰληφότες
487 1005 516 1048 τι
538 983 614 1068 παρ’
636 983 691 1046 αὐ·
742 989 815 1046 steort
845 984 869 1045 ii
899 981 1010 1066 quibus
1039 983 1105 1044 iasa
1135 981 1270 1064 elarpito
1294 987 1338 1042 est

137 1099 196 1176 τῆς
220 1089 295 1154 εἰσιν
786 1107 900 1150 sauata
920 1085 1048 1170 aliquod
1070 1086 1208 1149 Eiichrn.

95 1197 177 1262 VIII
200 1197 223 1258 4
244 1193 317 1277 περὶ
338 1193 393 1278 μὲν
415 1192 536 1258 τούτων
561 1191 692 1278 ἔφηκαὶ
742 1189 801 1253 que
821 1189 859 1254 ete
874 1211 916 1267 re,
940 1191 1051 1273 iuquit,
1075 1195 1195 1272 oportet
1210 1209 1266 1250 aos
1280 1185 1337 1249 hoo

138 1297 234 1374 αὖθις
256 1295 420 1381 ἐκποιήσει
443 1295 649 1383 διαλέγεσθαι
786 1301 922 1378 tompore
944 1293 1074 1378 differre
1091 1293 1260 1377 paulisper
1277 1293 1337 1354 rot·
1436 1345 1438 1350 .

787 1399 927 1483 loquium
949 1401 1086 1462 Eiiehm.

93 1509 178 1574 XIV
212 1509 232 1570 3
265 1505 321 1569 καὶ
353 1504 448 1569 πίωσι
481 1505 536 1580 τὰς
571 1502 690 1568 τούτων
744 1503 909 1587 tribuatque
923 1503 1013 1566 ittam
1036 1505 1107 1584 uiro,
1131 1523 1211 1586 quae
1227 1523 1337 1585 repur-

137 1607 341 1693 καθαρτικὰς
364 1608 511 1692 δυνάμεις
535 1606 602 1670 εἶτα
615 1608 691 1672 ὅταν
786 1617 841 1692 pat
863 1608 902 1672 ab
925 1611 1002 1674 istis,
1025 1609 1077 1672 ubi
1099 1615 1202 1672 autern
1221 1609 1338 1693 purifi·

137 1712 334 1797 καθαρθῶσι
366 1711 422 1775 καὶ
455 1708 617 1797 ἐκβάλωσι
650 1713 691 1775 τὰ
787 1713 850 1776 coti
871 1711 1009 1796 suerint,
1035 1719 1063 1775 et
1085 1713 1199 1776 obierit
1231 1714 1270 1776 ob
1293 1717 1338 1778 oie

137 1818 230 1882 κακὰ
251 1815 350 1882 πάνθ’
786 1815 1054 1900 quiequidadsuit
1067 1819 1185 1880 erroris
1201 1815 1337 1882 Eiichur.

786 1919 936 2001 hogarde

93 2147 229 2212 XXVII
251 2149 268 2208 1
294 2143 323 2208 οἱ
346 2037 622 2226 &Vamaccura
638 2141 692 2207 λὺ-
744 2145 845 2229 aliqui
867 2167 939 2209 uero
962 2036 1062 2211 auur21
1046 2155 1119 2214 sont
1136 2150 1287 2227 coronati,
1310 2157 1338 2212 ot

137 2270 202 2334 πης
223 2249 279 2311 καὶ
300 2259 444 2334 ταραχῆς
787 2250 878 2333 quasi
910 2271 1048 2314 moerore
1081 2251 1188 2336 affecti
1217 2261 1246 2316 et
1264 2273 1337 2336 pa·-

787 2354 867 2416 outsi
889 2354 1025 2418 Etichm.
1047 2355 1199 2436 Lagarde
1231 2403 1236 2413 .

199 2507 289 2594 Quos
312 2510 400 2573 locos
423 2510 450 2572 si
473 2505 740 2587 consideraveris,
763 2509 895 2573 omnino
918 2510 1063 2574 melioris
1087 2513 1216 2594 generis
1228 2530 1337 2576 exenn-

93 2613 180 2694 plari
202 2633 298 2675 usum
322 2630 394 2678 csse
416 2613 575 2675 versionis
598 2616 767 2677 auctorem
790 2632 854 2676 non
876 2633 992 2698 neges3
1026 2634 1066 2678 ac
1097 2617 1125 2678 si
1147 2617 1284 2680 tortasse
1305 2620 1337 2680 iu

93 2735 136 2780 co
158 2716 314 2800 offendas,
338 2715 427 2800 qnod
450 2721 517 2779 tem
540 2733 663 2796 paucos
685 2719 823 2802 protuli,
845 2720 907 2782 hoe
928 2737 983 2781 me
1005 2721 1121 2783 fecisse
1143 2722 1236 2804 scias,
1259 2723 1339 2802 quia

91 2839 205 2905 saepe,
239 2820 319 2903 quid
342 2823 376 2884 iu
398 2820 511 2884 codiee
533 2820 630 2883 tuerit
651 2823 824 2906 serIptum,
847 2843 890 2886 ex
911 2824 1118 2888 Eliehrnanni
1140 2825 1251 2888 verbis
1273 2842 1337 2890 non

93 2919 171 2989 lieet
192 2926 369 3008 suspicari3
391 2944 466 2990 eum
489 2927 576 2988 enIm
599 2943 658 3005 per
680 2925 762 2989 duos
785 2928 979 3009 interpretes
996 2928 1236 2992 intercedentes
1251 2927 1337 2991 eodi-

92 3031 140 3093 cis
173 3030 262 3092 iliius
285 3029 389 3093 verba
422 3046 656 3110 cognoscamus
688 3035 720 3092 et
742 3028 785 3092 ad
809 3049 895 3115 eum,
928 3032 985 3112 qui
1010 3050 1050 3094 ea
1071 3031 1205 3096 arabice
1231 3032 1337 3114 vertit,

92 3134 199 3214 magis
232 3133 333 3197 etiam
366 3151 467 3216 quam
501 3132 544 3196 ed
567 3130 736 3197 Odaxium
764 3139 797 3196 et
820 3133 1120 3218 Questenbergiurn
1154 3135 1336 3216 pertineant

92 3237 147 3300 Fr.
170 3237 341 3300 Ritechelii
363 3236 468 3300 verba
489 3255 589 3317 supra
612 3239 777 3319 exscripta
799 3275 842 3285 -
864 3241 956 3304 cuius
979 3230 1037 3302 rei'
1052 3238 1207 3322 exempla
1229 3238 1336 3301 attulit

92 3340 273 3404 Salmasius
295 3340 329 3405 in
350 3340 452 3423 praei.
475 3339 683 3404 Eiichmanni
705 3341 840 3406 editioni
863 3345 1045 3424 praemissa
1066 3376 1117 3420 -,
1138 3359 1260 3418 ornnes,
1293 3341 1336 3404 de

93 3443 214 3526 quibus
236 3442 389 3508 dubitare
411 3445 523 3530 possis,
546 3444 633 3507 locos
655 3463 827 3508 secernere
849 3447 952 3509 satius
975 3445 1065 3510 duxi.
1109 3446 1173 3509 Sed
1187 3443 1334 3509 aliosad-

93 3547 174 3610 dere
190 3547 286 3610 liceat
307 3547 405 3632 locos,
427 3548 485 3612 ubi
507 3548 635 3624 eadem,
658 3565 745 3630 quae
766 3548 800 3609 in
813 3541 855 3614 21
875 3548 1027 3614 videntur
1039 3549 1210 3625 exstitisse,
1234 3549 1336 3612 verbe

93 3649 133 3714 H.
156 3651 288 3732 Sauppe
310 3651 355 3733 (p.
379 3651 450 3715 771.
473 3651 551 3728 775)
583 3651 770 3715 coniectura
797 3657 965 3716 assecutus
994 3657 1059 3730 est,
1092 3654 1139 3716 iia
1173 3657 1207 3716 ut
1240 3653 1335 3715 illurn

93 3756 294 3836 praestitisse
316 3756 417 3818 etiam
439 3757 625 3838 integritate
648 3755 752 3820 codici
773 3753 809 3824 A
831 3755 1041 3820 manifestum
1063 3757 1122 3820 sit:

94 3875 181 3941 vl1
215 3870 344 3958 πλῆθος
375 3883 535 3959 γυναικῶν
573 3873 689 3960 ἑτέρων
743 3879 890 3944 mulieres
910 3874 1335 3942 diversoruaoeoortorom

136 3976 344 4056 παντοδαπὰς
360 3980 484 4064 μορφὰς
502 3978 689 4066 epicuru
778 3982 966 4070 sarmarum
989 3981 1126 4044 Elichur.
1149 3981 1300 4062 Legerda

94 4079 222 4256 nigritie
251 4080 281 4146 ri
309 4102 340 4166 γ.
378 4081 494 4168 ἑτέρων
527 4103 560 4148 π.
595 4105 626 4170 p.
664 4085 689 4150 ἐ.

95 4290 224 4378 πλῆθος
257 4287 287 4356 τί
318 4311 349 4375 γ.
385 4289 516 4377 ἑταιρῶν
550 4313 584 4358 π.
607 4316 638 4380 p.
662 4295 689 4361 ἐ.

139 4393 429 4468 v²BRle³cK

140 4500 271 4588 ἑταιρῶν
293 4503 357 4568 dei.
380 4504 511 4588 Sauppe
