3062 5070
668 343 921 446 Lus,-

210 587 213 595 ·
300 546 393 610 Idem
418 545 454 612 Δ.
466 547 495 610 J.
517 565 581 610 ven
604 545 663 610 der
685 546 745 624 Aa,
768 546 860 610 cuius
884 547 988 611 verba
1010 545 1108 610 modo
1131 545 1278 631 laudavi,
1299 565 1449 614 courme-

185 657 305 716 ‘morat
328 649 505 734 cotatopum
527 651 816 734 manuscriptorum
850 657 878 714 et
900 650 1052 716 librorum
1076 651 1302 736 impressorum
1324 672 1362 719 eu
1383 651 1450 716 Bi·

174 739 177 751 ’
199 754 349 820 btiottrcco
371 755 433 818 uiri
455 755 615 838 quondum
637 755 728 840 leupo
750 755 942 820 celeberrimi
965 754 1010 820 M.
1032 755 1211 837 Meibomr'i,
1245 757 1450 821 serenissimo

199 859 279 944 Repr'
301 858 430 924 Durriae
452 880 473 922 o
494 859 641 936 comitiis,
662 859 873 942 superstitum.
896 857 1018 943 Hupoc.
1042 879 1095 922 ou.
1119 859 1211 924 1752.
1249 859 1368 950 ¹Huius
1388 878 1449 924 ca-

199 962 300 1044 telogi
312 980 375 1043 ope
385 962 474 1026 haud
485 964 551 1026 scio
567 981 609 1026 eu
620 963 785 1046 contingat
796 963 939 1027 Batavus
950 962 1166 1026 bibliothecas
1177 963 1389 1048 perquirenti,
1409 969 1451 1028 ut

199 1067 343 1148 reperiet
363 1067 535 1148 exemplar
557 1067 628 1130 sive
650 1066 895 1152 exemplaria„
908 1084 1049 1148 quorum
1073 1066 1277 1156 marginibus
1301 1066 1451 1156 adscrip-

198 1169 493 1254 seratlteibomius
507 1171 689 1256 scripturae
711 1169 946 1252 discrepantias
970 1175 1003 1234 et
1025 1175 1133 1254 natas,
1155 1168 1243 1253 quod
1266 1169 1295 1234 si
1323 1173 1451 1236 contin·

200 1255 356 1364 gaulere
378 1279 466 1358 puto,
490 1259 524 1336 ut
547 1273 588 1338 de
601 1275 722 1351 ,multis
744 1275 823 1338 locis
846 1274 942 1338 aliter
963 1275 1143 1339 sentiamus
1166 1292 1206 1338 ac
1227 1293 1323 1340 uuna

303 1376 367 1441 Sed
390 1369 547 1464 superest,
577 1382 621 1462 ut,
643 1376 809 1460 quomodo
832 1377 980 1443 codicum
1004 1377 1239 1444 Parisiensium
1261 1379 1451 1459 scripturae

200 1482 233 1544 in
255 1481 425 1545 Meibomii
447 1499 564 1544 manus
586 1480 761 1546 videantur
783 1483 981 1565 pervenisse,
1003 1481 1183 1547 ostendam.
1222 1481 1337 1548 Facile
1359 1484 1452 1548 coni-

200 1586 266 1648 ciet
288 1585 408 1667 eliquis
431 1581 622 1648 eGronovii
645 1584 787 1649 editione
809 1587 1023 1667 assumpsisse
1039 1603 1095 1649 eas
1106 1585 1333 1668 Meibomium,
1356 1585 1451 1671 quod

200 1707 265 1752 non
287 1707 418 1767 veruna
441 1707 518 1755 nam
532 1724 571 1735 -
588 1692 624 1751 ut
645 1691 783 1768 mittam,
806 1690 878 1752 iure
900 1689 1014 1752 mirari
1036 1707 1105 1776 nos,
1128 1708 1186 1753 cur
1208 1707 1336 1778 nonea,
1359 1709 1452 1774 qnae

200 1794 234 1856 in
257 1793 320 1858 line
343 1795 468 1878 primus
484 1811 610 1876 ,graece
627 1793 729 1857 edidit
741 1793 934 1878 Gronovius,
957 1793 1061 1856 verba
1083 1791 1247 1857 addiderit
1270 1828 1310 1845 -.
1333 1796 1450 1880 plures

201 1915 302 1978 qnam
325 1899 377 1961 bic
399 1917 443 1960 ex
465 1897 535 1960 illis.
552 1896 718 1961 codicibus
741 1899 836 1961 affert
858 1899 1044 1982 scripturas,
1065 1898 1113 1960 ita
1134 1901 1170 1961 ut
1192 1900 1378 1964 accuratius
1398 1900 1451 1962 vi-

201 2002 340 2065 deantur
362 2019 434 2064 esse
458 2002 595 2065 excussi
634 2001 699 2065 Sed
723 2001 783 2064 luit
804 2002 1002 2081 Meiborqius
1024 2002 1095 2081 ipse
1116 2002 1149 2064 in
1163 2002 1449 2086 Franeogellia¹);

201 2105 316 2188 quidni
338 2106 473 2168 Parisiis
507 2124 583 2169 eum
618 2105 793 2169 contulisse
815 2103 943 2169 codices
966 2106 999 2167 in
1022 2104 1223 2172 bibliothece
1249 2107 1347 2190 regia
1379 2125 1449 2172 ser·

203 2213 293 2273 vatos
315 2210 491 2291 putemus?
536 2207 633 2292 Quod
667 2227 743 2272 eum
773 2207 915 2272 editione
945 2209 1033 2290 typis
1055 2210 1123 2272 iem
1145 2225 1304 2292 expressa
1326 2211 1449 2276 iecisse

201 2313 365 2396 putandus
387 2315 435 2390 sit,
457 2314 595 2376 tortasse
618 2314 680 2376 hac
702 2311 744 2375 de
767 2330 867 2375 causa
889 2329 971 2394 opus
994 2312 1126 2395 reliquit
1147 2313 1313 2380 infectum.

307 2416 453 2498 Apparet
474 2417 592 2498 igitur,
626 2435 702 2480 eum
737 2417 912 2499 scripturas
942 2415 1163 2480 eMeibomic
1186 2423 1360 2500 excerptas
1382 2437 1449 2484 non

142 2565 143 2572 κ
201 2520 299 2585 liceat
319 2521 473 2601 amplecti
495 2520 557 2583 nisi
579 2520 828 2601 diligentissime
849 2521 1063 2596 examinatas,
1093 2538 1179 2605 eum,
1202 2522 1315 2606 quiin
1339 2518 1447 2589 Oebe'-

202 2627 242 2688 tis
264 2624 379 2689 tabula
401 2628 535 2687 exercet
557 2628 662 2686 artem
686 2624 854 2702 criticam,
886 2624 920 2688 in
942 2622 1056 2688 codice
1077 2621 1112 2694 A
1135 2629 1308 2708 tamquam
1330 2627 1448 2692 lunda-

202 2736 312 2792 mento
343 2727 464 2791 debere
492 2727 552 2790 niti
574 2728 607 2790 in
629 2727 739 2808 priore
761 2725 902 2810 quidem·
918 2726 1025 2790 libelli
1046 2731 1157 2810 parte3
1190 2733 1301 2808 utrum
1331 2736 1448 2795 autem

202 2834 353 2897 sufficere
393 2832 546 2896 videatur
582 2826 619 2897 A
659 2832 769 2895 verbis
803 2829 1027 2909 recensendis,
1078 2835 1253 2916 postquem
1295 2832 1447 2898 codicem

202 2932 237 3005 V
259 2955 278 3002 e
300 2936 501 3014 deteriorum
523 2951 661 2998 numero
692 2953 762 3000 esse
793 2936 1043 3017 integerrimum
1067 2933 1310 3023 demonstravi,
1346 2955 1449 3020 quae·

203 3059 325 3106 ramus.

785 3264 853 3345 83.

304 3419 371 3479 De
391 3418 630 3479 deterioris
649 3421 824 3490 generis
843 3401 1047 3478 codicum
1067 3417 1342 3477 condicione.

239 3661 241 3666 .
306 3601 344 3664 In
366 3600 546 3682 posteriore
566 3587 671 3662 libelli
693 3601 794 3680 perte,
825 3615 901 3662 cum
924 3597 1035 3662 codice
1054 3591 1090 3664 A
1111 3597 1213 3660 simus
1236 3595 1393 3683 destituti,
1414 3599 1448 3662 iu

205 3705 423 3770 deterioribus
444 3720 577 3786 prorsus
599 3702 768 3766 nitendum
789 3699 883 3765 nobis
904 3705 973 3780 est,
1006 3717 1147 3783 qnorum
1181 3699 1327 3764 condicio
1360 3721 1448 3785 quae

206 3811 256 3895 sit,
293 3827 368 3871 eum
390 3827 491 3890 supra
512 3808 711 3872 sufficienter
734 3807 816 3872 mihi
838 3804 954 3870 videar
976 3804 1167 3891 ostendisse,
1199 3804 1447 3886 diligentissime

206 3931 265 3977 nos
294 3911 388 3978 decet
409 3912 595 3994 inquirere,
629 3911 686 3993 qui
718 3911 760 3975 sit
790 3909 1028 3991 integerrimus.
1072 3909 1183 3991 Atque
1206 3909 1307 3971 etiem
1329 3909 1362 3972 in
1386 3910 1447 3974 hac

208 4019 400 4100 quaestione
430 4015 627 4080 instituenda
661 4033 682 4079 a
710 4015 819 4098 priore
841 4012 946 4076 libelli
968 4016 1062 4094 perte
1083 4012 1306 4076 exordiamur.
1350 4010 1446 4076 Codi-

207 4139 280 4186 cem
302 4115 339 4189 K
361 4114 432 4190 ec
465 4137 537 4186 esse
571 4120 819 4203 transscriptum
852 4135 927 4180 cum
949 4134 1050 4198 supra
1072 4115 1383 4200 comprobaverim,
1417 4111 1445 4182 P

314 4519 336 4589 ¹)
355 4516 718 4592 Biogr.univ.2d.p.141.
754 4513 785 4570 V.
804 4515 829 4569 d.
849 4516 892 4569 Aa
911 4517 928 4570 l.
946 4517 963 4570 l
981 4534 1007 4586 p.
1025 4514 1084 4570 537.
