3062 5070
701 327 912 392 ..44-

183 494 303 580 Neque
325 499 414 562 enim
436 517 478 564 ea
497 500 531 562 in
552 501 602 564 his
624 501 730 565 rebus·
747 501 847 566 irrisae
865 500 1034 584 diligentia
1052 502 1141 566 illius
1155 502 1310 584 temporis
1322 502 1427 565 homi·

183 619 241 666 nes
264 602 383 686 doctos,
406 621 473 686 qua
493 606 602 682 nostri,
625 603 713 687 apud
735 621 850 668 omnes
872 605 1045 689 constat¹);
1067 624 1127 671 nec
1144 604 1280 670 'videtur
1302 600 1428 668 Meibo-

184 705 269 768 mius
291 724 341 790 ea,
363 725 430 790 que
450 727 511 789 par
534 713 612 788 erat,
636 709 805 790 diligentia
829 713 985 791 excerpta
1006 709 1178 792 digessisse
1198 727 1317 795 neque,
1338 708 1429 772 unde

184 810 330 872 hauserit
351 812 537 902 scripturas,
559 811 780 896 adscripsisse,
801 831 877 892 cum
898 815 1031 878 omnino
1054 813 1097 876 dc
1119 814 1181 876 hac
1193 832 1229 877 re
1241 817 1349 896 taceat
1363 813 1429 877 Ibe·

184 911 316 997 lendus3
338 932 447 998 neque
469 917 558 980 enim
579 918 614 980 in
635 917 846 1002 praefatione,
873 918 932 983 ubi
954 919 1152 982 mentionem
1174 918 1252 980 facit
1274 917 1427 982 codicum

184 1017 217 1080 in
240 1017 388 1099 Epicteto
409 1019 633 1085 adhibitorum
657 1023 702 1102 (p.
726 1021 792 1101 .V.),
826 1041 933 1104 neque
957 1022 1037 1086 alibi
1060 1021 1101 1085 de
1124 1039 1172 1100 eo,
1205 1037 1271 1103 quo
1295 1019 1429 1086 Cebetis

185 1121 299 1185 tabula
321 1124 557 1210 continebatur,
579 1125 692 1188 codice
714 1145 775 1189 ms.
787 1125 970 1210 quidquam
981 1126 1089 1190 refert.
1104 1125 1302 1190 ‘Inscribitur
1314 1128 1427 1188 autem

186 1224 217 1287 ei
231 1225 317 1311 tolio,
340 1227 428 1310 quod
452 1230 592 1292 varianti
614 1230 795 1311 scripturae
814 1233 1002 1312 praefixum
1025 1233 1087 1294 est:
1115 1229 1428 1312 Variansseriptnra

185 1328 326 1396 codicum
355 1351 452 1396 amau
482 1335 691 1418 scriptarum,
720 1335 755 1400 iu
779 1334 918 1418 Epicteti
952 1333 1098 1398 manuali
1120 1341 1148 1398 et
1171 1332 1287 1398 Cebetis
1309 1332 1429 1398 tabula.

184 1433 338 1516 Sequitur
359 1435 436 1504 inde
458 1456 478 1500 a
500 1457 529 1520 p.
553 1439 615 1502 101
641 1437 810 1522 usquead
832 1459 863 1520 p.
886 1439 965 1502 120:
998 1437 1137 1502 Varians
1159 1438 1321 1520 scriptura
1344 1435 1429 1501 eadi-

185 1538 230 1600 eis
251 1558 349 1602 muare
371 1542 482 1624 scripti
494 1541 685 1626 Hasniensis
697 1542 732 1606 in
744 1541 881 1626 Epicteti
904 1541 1087 1620 emetiridia,
1109 1545 1180 1604 tum
1196 1560 1225 1622 p.
1239 1541 1429 1604 120-1262

191 1641 328 1708 Variaas
355 1646 518 1729 scriptura
547 1645 663 1712 codicis
685 1645 780 1712 MSti.
803 1645 992 1711 Gerdesiani
1024 1647 1059 1710 ia
1083 1643 1221 1728 Epicteti
1244 1642 1429 1721 enchiridia,

185 1767 285 1831 quem
307 1749 453 1814 codicem
474 1751 583 1833 ipsum
605 1769 640 1816 se
662 1751 837 1816 contulisse
859 1769 934 1814 cum
958 1749 1129 1814 Meibomii
1151 1747 1430 1812 editioneinnota

184 1855 352 1934 profitetur
374 1853 587 1935 Relandus²);
617 1853 737 1918 deinde
762 1875 791 1937 p.
814 1855 1003 1918 tae-137:
1033 1853 1171 1918 Variaas
1193 1852 1356 1935 scriptura
1379 1871 1429 1915 ea·

185 1955 264 2020 dieis
297 1955 394 2021 MSti.
425 1958 460 2021 in
485 1957 600 2024 Cebetis
621 1959 740 2024 tabula.
793 1958 890 2042 Quae
923 1957 1171 2040 vertensque
1203 1954 1247 2018 ad
1280 1955 1430 2019 codicem

186 2061 424 2126 Gendesianum
447 2081 557 2146 neque
578 2062 621 2128 ad
642 2063 866 2127 Herniensem
888 2067 965 2143 apte
985 2066 1120 2143 possunt
1141 2060 1268 2123 reterri.
1305 2058 1429 2122 Utrum

185 2169 297 2228 autem
320 2164 517 2231 Meibomius
550 2168 621 2249 ipse
653 2167 834 2230 excusserit
864 2167 951 2230 hunc
973 2165 1121 2230 codicem
1144 2183 1186 2254 sn
1209 2163 1314 2247 alius,
1348 2163 1431 2228 nibil

185 2269 317 2333 omnino
340 2269 637 2354 traditltelandus3
660 2272 749 2334 bunc
767 2271 877 2350 ipsum
899 2269 1075 2334 contulisse
1098 2287 1175 2332 eum
1197 2287 1262 2332 non
1281 2268 1429 2332 estveri·

185 2373 303 2456 simile,
326 2392 402 2438 cum
424 2376 486 2439 hoc
507 2393 572 2438 non
593 2378 727 2438 moneat
748 2375 832 2438 sicut
853 2375 887 2436 in
909 2373 1022 2439 codice
1044 2373 1256 2438 Gendesiano.

244 2557 245 2564 ἵ
289 2477 339 2542 Ac
371 2479 569 2544 subveniunt
601 2481 774 2560 praeterea
807 2478 951 2561 opinioni
984 2481 1116 2542 nostrae
1153 2478 1256 2559 ipsius
1285 2477 1430 2542 Relandi

185 2582 290 2646 verba
311 2585 427 2664 (praei.
448 2583 511 2665 p.I
532 2586 609 2666 sq.);
639 2589 730 2646 notas
752 2581 815 2646 uiri
837 2581 1017 2665 doctissimi,
1041 2580 1176 2666 diffmm
1197 2579 1432 2668 dissipatasque

184 2707 243 2770 per
265 2688 374 2750 uarias
396 2687 548 2752 librarum
570 2688 728 2771 nrarpiaes
751 2692 780 2750 et
801 2684 1045 2764 schediasmate,
1075 2686 1111 2749 in
1134 2691 1252 2750 certum
1285 2684 1429 2770 ordinem

185 2789 300 2876 redepi.
323 2841 330 2855 .
355 2841 362 2856 .
385 2832 395 2856 .-
433 2789 523 2855 Haec
545 2790 773 2876 subsequuntur
795 2788 1013 2854 adnotationes
1035 2787 1212 2870 Meibomii,
1245 2795 1272 2854 et
1295 2789 1428 2856 alterins

187 2895 249 2958 uiri
271 2895 364 2979 docti,
386 2915 475 2980 quem
497 2916 598 2979 nuper
619 2894 745 2958 demum
762 2895 915 2978 plurimis
937 2895 1133 2980 arpumentis
1155 2892 1346 2977 deprehendi
1367 2915 1429 2960 esse

187 2999 380 3064 Scinasium
414 3002 491 3084 (pua
515 2998 553 3064 de
586 3021 620 3064 re
641 2987 718 3064 uide'
731 2998 966 3083 praefationem
988 3000 1023 3064 im
1047 2999 1154 3062 limine
1177 2999 1363 3062 <recessionis
1385 2997 1428 3061 ad

187 3111 278 3168 natas
299 3104 529 3170 Meibomianus
551 3104 750 3185 collocatam,
780 3123 814 3187 p.
840 3103 929 3180 138.)
960 3102 1003 3167 ad
1033 3102 1269 3168 dissertationes
1290 3101 1428 3188 Epicteti

187 3207 227 3271 ab
250 3206 392 3272 Arriano
415 3255 422 3272 .
445 3255 452 3270 .
477 3257 484 3272 .
507 3207 652 3292 dipestus,
675 3210 763 3270 etin
785 3209 886 3288 praef.
909 3207 952 3270 ad
974 3207 1016 3270 M.
1029 3207 1198 3272 Meibomii
1220 3209 1313 3268 notas
1337 3225 1366 3287 p.
1387 3207 1427 3272 3:

189 3313 398 3395 Quaecunque
421 3310 476 3376 Vir
499 3312 716 3396 Clarissimus,
750 3311 883 3376 Marcus
906 3310 1102 3396 Meibomius,
1125 3317 1191 3374 tum
1213 3309 1257 3373 ud
1280 3295 1427 3374 Eaetiri-

188 3416 264 3480 dion
287 3422 315 3479 et
336 3416 506 3480 sententias
528 3416 674 3499 Epicteti,
707 3423 774 3480 tum
796 3415 840 3480 ad
863 3414 987 3480 aetatis
1001 3415 1151 3496 tabulam,
1181 3415 1311 3492 notauit,
1334 3414 1427 3479 laica

189 3540 237 3596 me
258 3518 416 3602 descripta
440 3527 467 3584 et
489 3521 524 3584 in
546 3518 698 3598 ordinem,
731 3539 789 3604 quo
805 3518 884 3603 fieri
904 3521 1009 3603 patuit
1030 3518 1130 3603 mado,
1153 3518 1274 3602 dipesta
1297 3518 1428 3584 exhibea.

189 3623 390 3690 Pertnstraui
411 3624 526 3702 sedulo,
548 3644 612 3688 nan
633 3622 723 3689 moda
747 3623 874 3689 chartus
896 3625 983 3709 ipsas
997 3623 1070 3707 jum
1087 3623 1237 3707 paetum
1248 3643 1371 3708 passus,
1394 3625 1427 3690 in

189 3889 602 3902 ——..-....-..-—-

294 4129 316 4197 1)
343 4125 429 4179 Cuius
455 4129 496 4179 rei
513 4128 643 4196 exempla
660 4130 738 4180 affert
757 4126 899 4182 Woelfflin
916 4127 945 4178 in
964 4127 1047 4194 praef.
1066 4126 1199 4193 Polyaeni
1217 4127 1333 4180 editioni
1353 4143 1426 4196 prae-

191 4215 289 4268 missae
307 4231 332 4282 p.
350 4213 423 4266 XXI.

295 4302 319 4372 ²)
343 4303 392 4356 Est
408 4305 557 4356 Joachimaa
577 4303 722 4368 Gerdesirrs,
747 4305 792 4370 qui
815 4320 846 4354 aa
869 4303 953 4354 codice
976 4302 1149 4368 manuscripto
1173 4304 1254 4354 atium
1279 4319 1329 4353 sua
1349 4319 1425 4354 mana

189 4392 319 4458 anama
343 4394 371 4442 in
394 4408 470 4444 nsum
486 4392 585 4444 Illustr.
608 4393 665 4444 Viri
679 4391 809 4444 Joaciimi
828 4390 982 4459 Gerstorpii,
1010 4408 1080 4444 anna
1105 4393 1180 4440 1644.
1215 4389 1297 4442 Eatat
1315 4387 1343 4438 in
1361 4389 1424 4440 Bet.

189 4477 372 4530 Meibomiana.
408 4479 488 4530 Hunc
506 4479 605 4530 cantati
621 4494 678 4529 cum
695 4479 745 4528 aaa
762 4475 878 4530 edidere.
