3062 5070
731 407 937 471 ..70-

322 578 434 663 Quare
455 581 488 642 in
512 584 687 663 utramque
710 579 895 659 editionem,
922 599 941 643 e
964 596 1029 662 quo
1056 579 1167 644 codice
1193 580 1358 645 videretur
1380 596 1458 642 esse

218 702 389 766 expressa,
425 685 587 766 inquisivi.
634 685 681 748 Ac
704 682 890 766 Galliergae
912 684 1046 766 quidem
1070 684 1247 748 editionem
1280 721 1321 731 -
1351 701 1457 766 quam

218 788 437 854 Romanam
467 789 637 869 appellare
659 788 847 869 placet-e
869 787 980 851 codice
993 783 1028 854 K
1051 806 1122 852 esse
1138 807 1326 869 expressam
1343 787 1458 850 multis

149 945 153 956 .
218 891 295 954 licet
309 890 487 954 ostendere
504 887 605 969 iocis,
629 893 790 973 imprimis
812 896 923 955 autem
945 888 1017 954 loco
1041 910 1060 953 e
1082 912 1106 953 c.
1129 892 1294 956 XXXVII
1316 893 1335 955 3
1357 911 1376 954 a
1398 907 1458 952 me

218 1013 318 1075 supra
345 996 389 1076 (p.
412 995 470 1074 33)
502 994 646 1073 laudato,
680 996 737 1059 ubi
766 995 912 1060 codicem
936 991 971 1062 K
1002 990 1073 1064 sc
1107 1013 1179 1058 esse
1210 997 1457 1076 transscriptum

219 1096 297 1176 dixi,
321 1099 441 1176 etalio,
464 1099 522 1181 qui
539 1103 646 1162 exstat
661 1100 694 1161 in
709 1119 735 1162 c.
759 1101 825 1162 XX
847 1101 877 1177 4,
899 1101 956 1165 ubi
979 1101 1067 1164 solus
1083 1095 1120 1166 K
1136 1106 1166 1162 et
1191 1099 1290 1162 editio
1306 1100 1458 1162 Romana

218 1202 377 1287 praebent
399 1203 562 1267 vocabula
584 1199 613 1264 τί
634 1203 696 1286 γὰρ
720 1203 775 1266 οὖν
800 1223 857 1285 pro
879 1209 1057 1287 τοιγαροῦν.

321 1305 429 1369 Editio
447 1307 567 1370 Aldina
590 1324 652 1369 non
673 1310 804 1370 omnino
827 1311 985 1372 consentit
1007 1327 1081 1371 cum
1098 1304 1150 1391 K3
1173 1308 1230 1371 sed
1256 1309 1312 1372 ubi
1335 1305 1458 1371 recedit
1506 1349 1507 1358 ι

221 1408 336 1487 abeo,
365 1411 554 1473 manifestas
583 1412 774 1473 correctoris
802 1412 1046 1475 emendationes
1077 1411 1226 1495 exhibet3
1260 1412 1403 1474 velutin
1428 1428 1455 1472 c.
1506 1417 1507 1432 ¹

219 1512 336 1576 XXXI
353 1515 371 1576 1
396 1513 544 1576 additum
561 1519 610 1577 est
624 1514 824 1578 vocabulum
839 1535 893 1593 τις,
917 1516 1005 1598 quod
1022 1533 1135 1578 omnes
1158 1518 1309 1597 ignorant
1330 1514 1457 1578 codices

221 1635 303 1695 mss,
324 1621 396 1698 post
418 1613 512 1703 λάβῃ.
558 1619 735 1682 Praeterea
763 1621 868 1683 muita
900 1621 999 1684 habet
1030 1639 1105 1682 cum
1135 1619 1277 1682 editione
1307 1621 1458 1682 Romana

220 1723 416 1806 communia,
439 1722 559 1804 quibus
581 1722 640 1785 illa
662 1721 771 1789 differt
793 1743 813 1786 a
835 1723 947 1788 codice
967 1718 1012 1808 K,
1034 1725 1081 1787 ita
1102 1727 1137 1786 ut
1159 1724 1257 1786 facile
1281 1723 1456 1786 editionem

220 1823 376 1888 Aldinam
399 1844 417 1888 e
440 1827 591 1890 Romana
613 1844 685 1892 esse
715 1847 901 1910 expressam
931 1829 990 1892 tibi
1012 1827 1220 1910 persuadeas.
1265 1824 1360 1909 Quod
1381 1843 1457 1888 cum

220 1944 284 1991 non
305 1931 406 2010 possit
427 1931 568 2015 probari,
600 1931 627 1994 si
651 1933 785 2014 quidem
817 1938 906 1996 recte
928 1934 1040 1996 statuit
1061 1932 1192 2007 Brunet‚
1223 1931 1305 1993 haec
1328 1920 1458 2013 quoque

221 2033 368 2097 ecodice
383 2029 420 2100 K
435 2035 488 2097 vel
505 2035 570 2098 alio
589 2037 620 2100 ei
642 2037 808 2121 simillimo
833 2037 966 2100 fluxisse
988 2035 1133 2117 putanda
1155 2033 1241 2114 est.¹)
1364 2029 1365 2032 ’

325 2153 421 2237 Quae
442 2173 496 2219 res
525 2175 601 2220 cum
623 2159 670 2221 ita
696 2177 732 2222 se
758 2159 888 2242 habeat,
910 2159 1001 2221 nulla
1025 2158 1156 2221 omnino
1178 2173 1287 2238 neque
1311 2153 1456 2217 editionis

222 2257 363 2322 Aldinae
393 2278 453 2323 nec
481 2261 652 2325 Romanae
682 2266 731 2326 est
759 2264 843 2326 ratio
877 2262 1038 2347 habenda,
1071 2262 1131 2324 nisi
1162 2279 1286 2336 eornm,
1318 2259 1374 2342 qni
1402 2275 1455 2320 eas

222 2369 426 2441 curaverunt,
450 2366 651 2429 coniecturas
675 2367 756 2430 velis
780 2382 984 2448 cognoscere.

221 2589 634 2602 ——n——m—

223 2810 251 2862 L.
276 2808 385 2862 Schitck
412 2809 501 2864 Aldus
528 2811 675 2864 Manutius.
717 2811 818 2864 Berlin.
845 2810 920 2864 1862.
956 2828 981 2880 p.
1009 2811 1049 2866 52.
1079 2811 1233 2880 Schweigh.
1263 2811 1340 2865 1798.
1377 2811 1457 2881 praes.

223 2914 248 2966 p.
266 2895 401 2950 cxxxii„
416 2926 452 2936 -
481 2897 570 2950 Huius
588 2898 717 2950 editionis
735 2898 878 2966 exemplar
896 2899 926 2949 in
944 2898 1010 2951 bibl.
1030 2901 1104 2968 regia
1121 2898 1224 2952 Monac.
1242 2903 1382 2951 servatum
1399 2900 1455 2968 ipse

223 2983 275 3037 hoc
292 2999 366 3036 anno
385 2984 489 3037 contuli
507 2983 680 3052 Virceburgi.

329 3071 351 3140 ¹]
375 3070 430 3136 Qui
455 3075 549 3139 postea
572 3071 719 3124 ediderunt
736 3071 871 3142 libellum,
890 3088 979 3140 usque
996 3073 1032 3125 ad
1050 3072 1082 3125 H.
1101 3073 1234 3125 Wolfium
1253 3073 1349 3144 (1560)
1367 3087 1458 3125 omnes

224 3157 345 3224 pendent
363 3157 398 3208 ab
415 3157 538 3210 editione
555 3158 668 3228 Aldina,
686 3159 726 3210 ita
744 3163 775 3210 ut
793 3157 859 3211 haec
877 3161 914 3212 sit
932 3160 1060 3228 vulgatae
1078 3160 1309 3230 fundamentum
1328 3161 1361 3213 H.
1378 3160 1458 3227 Wolf,

224 3244 274 3311 qui
291 3244 433 3296 nitebatur
449 3246 478 3296 in
496 3245 617 3298 editione
634 3245 757 3300 Basileae
774 3263 797 3298 a.
823 3246 890 3299 1547
916 3247 951 3298 ab
969 3246 1027 3300 Joa
1047 3248 1172 3315 Oporino
1196 3248 1306 3316 emissa,
1339 3263 1408 3314 quae
1425 3262 1458 3298 ex

224 3329 393 3382 Aldinarum
410 3331 566 3385 editionum
585 3333 679 3401 aliqua
696 3335 807 3386 videtur
825 3350 883 3386 esse
902 3351 1039 3404 expressa
1066 3337 1106 3386 ita
1124 3339 1216 3386 tamen
1234 3337 1265 3385 ut
1284 3333 1380 3385 multis
1396 3333 1458 3384 loeis

225 3417 310 3469 verba
327 3419 382 3470 sint
400 3423 543 3488 corrupta,
571 3419 660 3471 multa
684 3425 711 3472 et
729 3422 758 3472 in
777 3423 901 3489 margine
919 3425 946 3474 et
964 3423 993 3474 in
1012 3423 1087 3475 notis
1106 3422 1242 3490 correxit3
1269 3420 1344 3472 hunc
1370 3425 1458 3471 autem

224 3505 310 3557 secuti
334 3510 399 3557 sunt
422 3505 549 3574 plerique
564 3505 684 3558 editores
703 3523 791 3576 usque
809 3507 845 3559 ad
863 3506 1018 3578 Schweigin
1037 3507 1145 3578 (1796),
1174 3509 1254 3575 pauci
1273 3525 1287 3558 a
1306 3506 1390 3561 Gron.
1408 3506 1459 3559 adi·

226 3593 302 3644 tione
321 3591 416 3662 (1689)
434 3607 497 3644 suas
515 3598 683 3646 curaverunt
700 3595 876 3648 recudendas.
