3062 5070
603 376 816 486 --1‘r¹---¹

185 562 323 628 Maximi
345 581 388 626 ex
412 561 461 624 bis
485 565 533 624 ost
555 559 713 624 momenti
737 559 827 622 locus
849 574 869 620 e
893 577 918 621 c.
937 551 1017 622 XIV
1041 551 1237 638 exscriptum
1269 569 1323 642 op·

75 672 160 733 tiore
173 670 262 733 enirn
283 685 331 749 eo,
354 685 440 749 qnae
461 663 596 728 secundi
619 664 749 744 generis
771 661 921 726 codicum
943 662 984 725 sit
1006 661 1162 741 condicio,
1185 663 1327 728 illustra·

74 781 141 838 tor.
188 771 300 856 Quare
322 770 505 834 accuratius
528 786 603 831 emo
628 771 816 830 tractemus.

187 927 412 1008 Responderot
436 943 538 988 senex
560 923 741 1006 peregrinis
763 924 1039 1006 interrogantibus
1062 921 1160 1002 (xiv
1181 925 1227 1002 2),
1248 944 1327 988 num

74 1033 251 1114 opiniones
274 1033 307 1093 in
329 1029 508 1094 secondum
532 1033 682 1110 saeptum
707 1028 835 1104 intrent,
859 1046 916 1092 ess
943 1028 1007 1091 huc
1025 1029 1207 1109 pervenire,
1240 1028 1329 1112 quod

76 1139 111 1198 iu
137 1134 325 1198 bominibus
347 1138 517 1196 remaneat
540 1131 639 1194 etiem
664 1135 767 1214 potos,
790 1150 891 1213 quem
913 1133 1100 1212 porrexerit
1125 1132 1266 1212 fallacie,
1289 1136 1329 1198 si·

77 1239 220 1320 omlqoe
243 1238 425 1319 ignorantie
448 1241 479 1298 et
502 1226 703 1315 insipientie3
736 1233 856 1297 deinde
888 1271 931 1282 -
964 1239 1001 1298 ut
1033 1235 1169 1300 secundi
1199 1239 1329 1318 generis

75 1341 212 1404 codices
226 1357 405 1422 sequemur
419 1373 457 1386 -
473 1339 580 1420 pergit
594 1339 654 1401 ito:
677 1334 733 1398 καί
756 1337 793 1400 οὐ
817 1339 860 1422 μὴ
883 1335 1200 1423 cotroniensem
1217 1339 1326 1425 οὕό’ἡ

76 1441 161 1520 δόξα
191 1440 265 1506 οὔθ’
295 1440 317 1526 ἡ
349 1439 446 1526 λοιπὴ
469 1442 568 1503 κακία
592 1438 701 1524 μέχρις
724 1440 762 1503 όν
786 1441 980 1526 ἀπογνόντες
1001 1450 1058 1526 τῆς
1081 1441 1325 1525 ψευδαπαιδείας

77 1544 271 1610 εἰσέλθωσιν
294 1545 337 1622 εἰς
359 1547 416 1629 τὴν
440 1542 596 1630 ἀληθινὴν
620 1542 695 1607 όδόν
717 1543 773 1606 καί
794 1542 890 1608 πίωσι
912 1546 969 1629 τὴν
991 1543 1111 1610 τούτων
1123 1545 1325 1632 καόαρτικὴν

77 1649 224 1734 δύναμιν.
256 1651 422 1714 Hactenus
445 1651 555 1713 omnio
578 1653 666 1712 recte
689 1667 725 1712 se
746 1649 885 1733 hebent3
907 1649 1010 1713 sedin
1025 1649 1143 1714 iisdem
1163 1651 1329 1716 codicibus

77 1776 157 1818 cmo
183 1754 247 1818 iilis
271 1755 380 1818 verbis
405 1755 485 1816 baec
507 1754 763 1834 coniunguntur:
796 1751 852 1814 καί
874 1750 1036 1838 ἐκβάλωσι
1057 1754 1097 1817 τὰ
1119 1755 1209 1818 κακόι
1230 1754 1329 1820 πάνθ’

79 1861 144 1922 ὅσα
175 1857 287 1942 ἔχουσι
318 1855 374 1918 καί
409 1857 464 1932 τὰς
499 1853 593 1933 δόξας
615 1853 671 1918 καί
692 1855 749 1938 τὴν
774 1855 903 1940 ἄγνοιαν
926 1855 982 1920 καί
1004 1859 1061 1940 τὴν
1084 1855 1199 1942 λοιπὴν
1221 1869 1328 1948 πᾶσαν

78 1960 201 2026 κακίαν
215 1965 314 2026 -ito
327 1967 393 2024 ute
416 1961 585 2025 vocabulis
613 1957 729 2021 καίού
753 1960 795 2043 μὴ
819 1958 948 2046 ἀπὲλόη
974 1963 1144 2045 usquead
1167 1965 1329 2028 vocabulo

79 2065 137 2130 καί
161 2067 218 2148 τὴν
241 2061 356 2147 λοιπὴν
381 2073 487 2127 πᾶσαν
510 2060 627 2126 κακίαν
651 2065 763 2128 omnio
785 2064 993 2130 cohaereant.

190 2223 232 2286 At
254 2221 328 2304 quis
351 2225 407 2298 est,
431 2223 487 2304 qui
508 2220 614 2284 dicet:
649 2220 686 2283 οὐ
710 2220 752 2304 μὴ
776 2217 905 2305 ἀπέλθῃ
928 2217 984 2283 ἀπ’
1006 2219 1110 2285 αὐτῶν
1126 2220 1234 2306 oid't
1251 2221 1329 2301 δόξα

81 2323 157 2390 αὖθ’
185 2322 207 2408 ἡ
238 2321 334 2407 λοιπὴ
364 2323 464 2386 κακία
487 2321 597 2409 μέχρις
621 2325 659 2387 ἂν
687 2359 730 2371 -·
761 2321 922 2409 ἐκβάλωσι
950 2324 991 2387 τὰ
1016 2325 1107 2388 κακόι
1140 2324 1238 2390 πάνθ’
1267 2327 1328 2390 όσα

81 2431 198 2514 ἔχουσι
218 2428 275 2492 καί
298 2429 354 2504 τὰς
377 2426 471 2506 δόξας
494 2427 549 2491 καί
569 2429 626 2512 τὴν
650 2428 780 2512 ἄγνοιαν
802 2426 858 2492 καί
878 2429 935 2511 τὴν
958 2425 1073 2512 λοιπὴν
1092 2437 1199 2494 πᾶσαν
1210 2427 1327 2495 κακίαν

84 2573 126 2582 -
152 2535 207 2598 vel
230 2533 331 2596 latine
353 2534 379 2595 si
404 2539 525 2598 vertes:
548 2553 709 2617 nunqnam
732 2531 852 2596 recedet
873 2531 913 2596 ob
935 2530 1002 2596 illie
1023 2553 1120 2618 neque
1142 2536 1249 2618 opinio
1272 2555 1328 2600 nec

80 2639 208 2724 reliquo
239 2636 365 2700 molitio
396 2636 493 2700 donec
517 2637 663 2700 eiecerint
686 2642 713 2699 et
736 2637 898 2720 opiniones
920 2641 948 2700 et
970 2636 1126 2721 reliquom
1148 2638 1329 2703 nmlitiam?

81 2745 179 2806 Duae
195 2747 285 2804 certe
302 2741 353 2803 bic
366 2742 399 2802 in
415 2760 514 2804 unum
527 2742 719 2805 meluerunt
742 2745 860 2824 portes,
883 2758 1024 2823 querum
1047 2742 1137 2823 prior
1158 2747 1225 2805 est:
1247 2761 1328 2806 nnn·

80 2867 178 2930 prtum
201 2843 323 2907 recedet
356 2844 463 2926 opinio
497 2843 536 2906 αό
570 2843 635 2907 iliis
667 2842 763 2908 detrec
797 2844 882 2907 niam
910 2863 1018 2908 nerem
1040 2845 1174 2930 inpressi
1192 2847 1328 2930 perpati

81 2955 176 3014 erunt
192 2949 350 3011 -eitero
372 2947 406 3011 id
430 2949 619 3026 continetur,
643 2947 731 3030 quod
755 2967 799 3014 ex
821 2967 861 3014 eo
883 2949 1102 3034 consequitur,
1125 2947 1212 3031 quod
1235 2950 1325 3013 viem

82 3071 201 3116 veram
224 3053 362 3132 ingressi
384 3053 514 3133 purgati
536 3058 618 3118 suot.

189 3189 339 3269 Accedit,
374 3190 478 3274 qood,
512 3193 596 3255 hanc
617 3191 767 3256 codicum
789 3193 984 3274 scriptorem
1006 3192 1035 3255 si
1055 3192 1251 3273 occepimus,
1287 3210 1328 3256 eo

82 3314 171 3378 (puae
194 3294 410 3378 insequuntur
432 3293 535 3358 verbe
556 3293 628 3357 τότε
651 3295 689 3358 ἂν
712 3295 796 3358 οὕτω
820 3293 1051 3380 coi-immed)
1074 3297 1206 3359 omniuo
1221 3296 1329 3359 solute

82 3419 104 3462 e
125 3399 265 3480 reliquis
287 3415 348 3460 nec
370 3418 444 3461 com
469 3399 734 3463 antecedentibus
755 3419 816 3464 nec
838 3419 914 3464 cum
937 3400 1089 3482 proxime
1113 3399 1327 3482 sequentibus

82 3509 160 3585 apte
183 3507 317 3585 possunt
338 3503 506 3584 coniungi3
539 3521 644 3585 querc
677 3503 749 3567 iure
770 3503 912 3568 offensus
933 3504 1088 3567 librarius
1110 3503 1230 3586 aliquis
1255 3511 1329 3586 post

82 3604 155 3668 τότε
177 3605 313 3668 inseruit
336 3605 534 3669 vocobulum
557 3607 636 3689 γὰρ,
671 3607 757 3688 quod
782 3607 923 3690 legimus
945 3609 978 3671 in
1000 3601 1227 3694 BRDWEF3
1261 3627 1327 3692 quo

84 3715 196 3775 tumen
220 3709 340 3773 inserto
364 3711 498 3773 minime
522 3717 571 3774 est
593 3711 683 3774 locus
707 3711 908 3780 emendatus
973 3713 1168 3777 Ancorarius
1191 3715 1278 3778 enim
1301 3714 1329 3777 si

84 3813 322 3898 quisinquirot,
345 3814 427 3878 hoec
450 3813 554 3877 verbo
575 3814 789 3898 posteriorem
812 3833 885 3880 esse
908 3821 1035 3898 portem
1059 3815 1207 3881 eiusdem
1230 3835 1329 3881 enou-

84 3917 164 3998 tioti,
186 3917 279 3979 cuius
301 3917 390 3999 prior
411 3917 613 3981 avocabolis
625 3915 680 3980 καί
692 3914 854 4003 ἐκβάλωσι
868 3920 989 4006 incipit,
1012 3921 1107 3985 focile
1117 3921 1180 3984 sibi
1195 3939 1325 4002 persuu-

85 4018 170 4084 deot.
215 4020 278 4084 Sed
301 4021 508 4086 desideratur
530 4023 655 4106 aliquid
680 4023 712 4086 in
736 4024 823 4087 itlius
846 4025 1006 4089 enuntiati
1026 4025 1135 4104 initi03
1157 4059 1199 4072 -
1222 4029 1329 4088 exstat

194 4517 216 4590 ¹]
235 4520 268 4590 δὴ
287 4519 358 4574 citor
382 4517 491 4590 Suoppn
507 4537 531 4590 p.
550 4519 608 4573 775.
