3062 5070
623 385 830 448 ...13-

98 579 182 625 eum
194 559 337 641 amplius
346 559 516 624 nominare
526 557 706 641 supersedi,
720 557 808 641 quod
820 575 863 622 ex
876 555 1018 622 editione
1029 555 1143 638 aliqua
1154 556 1348 638 scripturam

100 663 277 745 vulgatam
299 662 474 727 exhibente
496 682 573 727 enm
596 662 843 742 transscriptum
866 661 1077 726 manifestum
1102 663 1158 724 est

212 783 384 864 Superest,
416 787 452 846 ut
482 783 524 846 de
554 776 716 849 codiceC
748 801 848 865 quem
870 784 940 864 ipse
964 782 1024 846 boo
1045 800 1131 846 euno
1154 780 1351 864 Virceburgi

101 889 238 952 excussi
272 888 429 951 nonnulle
461 887 592 951 addam.
644 887 694 951 Ae
727 888 870 968 primum
905 885 1055 969 quidem,
1089 905 1191 970 qnam
1224 906 1288 952 non
1309 889 1351 952 sit

103 990 188 1057 tides
219 991 373 1056 habenda
402 992 571 1074 seripturis
603 990 686 1054 αθ.
709 989 1022 1074 Schweighaeusero
1045 992 1202 1076 enotatis,
1236 991 1350 1076 depre-

103 1094 227 1175 hendi;
261 1113 349 1178 quae
382 1096 470 1158 euim
504 1113 605 1158 manu
633 1095 858 1160 recentissime
878 1096 923 1160 ibi
948 1099 1076 1160 exstant
1096 1097 1236 1182 scripto,
1270 1101 1351 1160 tam·

103 1218 208 1282 quern
231 1218 332 1264 manu
354 1201 462 1282 prima
484 1203 591 1264 essent
612 1203 766 1284 exarata,
796 1200 830 1262 in
851 1200 986 1284 reliquia
1009 1201 1224 1265 enumeravit
1267 1201 1350 1264 Tres

104 1307 220 1367 autem
236 1323 353 1368 manns
369 1303 522 1368 diversae
537 1307 751 1368 correxerunt
765 1305 851 1367 huuc
872 1303 1029 1388 codicem,
1051 1323 1134 1388 quas
1149 1306 1197 1368 ile
1218 1304 1351 1368 distinxi

106 1407 140 1473 θ’
155 1405 190 1474 c²
203 1405 259 1492 c³3
280 1409 314 1470 in
337 1409 486 1488 margine
506 1409 534 1471 si
556 1406 720 1488 adscripta
743 1412 790 1472 est
807 1408 1004 1486 emendati0,
1028 1407 1141 1472 addidi
1163 1409 1350 1472 litteramm

106 1533 211 1597 supra
227 1533 359 1578 versum
376 1512 491 1596 (cmg
513 1512 622 1575 littera
644 1526 730 1576 eme
753 1510 914 1589 dubitare,
938 1530 959 1574 a
974 1531 1041 1594 qna
1056 1531 1156 1576 manu
1171 1514 1212 1576 sit
1228 1531 1351 1578 correc-

106 1620 153 1683 tio
170 1620 327 1700 prolecta,
355 1617 557 1700 significavi3
580 1615 697 1681 iisdem
724 1617 756 1679 in
772 1616 908 1698 reliquis
931 1634 1064 1700 quoque
1086 1616 1252 1682 codicibus
1275 1637 1352 1680 usus

106 1741 182 1786 sum
206 1723 299 1786 notis.

213 1843 264 1906 Ee
286 1863 411 1921 manns,
441 1861 541 1926 quam
565 1847 642 1907 nota
664 1843 697 1908 c¹
721 1842 863 1927 distinxi,
890 1843 1041 1924 proxime
1063 1844 1190 1908 aceedit
1214 1850 1247 1909 et
1268 1853 1352 1914 atra-

107 1951 212 2013 menti
245 1949 355 2012 colore
388 1953 421 2012 et
454 1950 637 2012 litterarum
660 1949 760 2012 ductu
783 1947 824 2010 ad
849 1966 943 2025 eam,
966 1967 1053 2029 quae
1075 1949 1183 2030 ipsum
1206 1951 1351 2016 codicem

108 2053 255 2134 scripsit,
288 2055 335 2115 ita
366 2058 403 2116 ut
424 2053 521 2116 facile
543 2055 646 2134 possis
669 2051 808 2116 eandem
833 2070 905 2115 esse
927 2051 1058 2136 dicere,
1091 2053 1195 2117 multa
1218 2056 1250 2117 in
1274 2058 1353 2140 ipsis

108 2157 223 2221 verbis
253 2162 286 2220 et
314 2159 347 2220 in
377 2159 526 2239 margine
558 2156 766 2235 emendavit;
799 2165 973 2236 praeterea
998 2157 1065 2221 alio
1098 2157 1208 2222 colore
1243 2178 1352 2242 manu,

110 2279 199 2344 quae
213 2261 376 2326 recentior
393 2261 522 2325 videtur
548 2279 628 2346 esse,
650 2279 756 2342 pauca
779 2259 846 2323 alia
868 2263 941 2324 sunt
964 2265 1128 2344 eorrecta3
1154 2263 1251 2327 tertia
1264 2262 1351 2327 deni-

110 2385 178 2448 que
208 2383 317 2448 enque
339 2366 564 2430 recentissima
595 2383 712 2428 manus
743 2369 775 2428 et
803 2366 837 2428 in
859 2365 1008 2446 margine
1039 2369 1071 2428 et
1100 2385 1201 2446 supra
1223 2386 1351 2430 versum

112 2471 202 2533 etin
231 2470 310 2551 ipsis
339 2471 450 2534 verbis
480 2469 582 2533 erasis
612 2466 858 2532 emendationes
887 2469 995 2550 posuit
1016 2474 1199 2534 atramento
1221 2489 1354 2552 prorsus

112 2574 254 2638 diverso.

216 2693 343 2778 Quodsi
379 2699 490 2759 autem
526 2696 577 2757 vir
613 2694 812 2757 clarissimus
849 2693 1043 2773 Woellllin¹)
1094 2693 1226 2759 saeculo
1264 2698 1353 2764 xvt,

111 2804 316 2866 exeunte
353 2804 526 2863 exaratum
563 2816 639 2861 eum
661 2800 802 2883 putavit,
836 2799 917 2860 miti
940 2798 1074 2879 quidem
1098 2817 1162 2862 non
1183 2806 1354 2882 persuasit.

111 2905 211 2990 Quod
242 2907 303 2968 etsi
332 2904 375 2968 ad
404 2903 609 2984 Polyaenum
641 2902 748 2964 solum
771 2905 909 2985 spectat,
940 2903 1048 2966 obstat
1070 2908 1179 2966 tamen
1202 2906 1355 2992 primum,

112 3010 202 3096 quod
224 3009 257 3071 in
280 3008 358 3071 folin
380 3007 410 3071 Α
434 3007 570 3089 reliquis
592 3007 740 3086 praefixo
763 3023 863 3068 manu
892 3007 1029 3069 fortasse
1051 3008 1141 3092 cius,
1177 3010 1236 3090 qui
1269 3010 1355 3073 huuc

112 3113 258 3180 codicem
282 3113 451 3193 descripsit
474 3113 507 3176 in
528 3113 588 3174 c'at
611 3111 690 3175 bibl.
719 3129 785 3191 reg.
808 3110 926 3193 Paria,
959 3117 1134 3194 postquam
1156 3131 1240 3176 saec
1264 3113 1354 3178 XVI.

113 3222 313 3282 ineunte
350 3234 422 3280 esse
461 3221 633 3280 exaratum
671 3214 753 3277 dixit
787 3223 820 3277 et
854 3233 941 3296 quae
963 3232 1003 3278 eo
1026 3216 1256 3294 eontinentur&
1280 3237 1356 3282 enu-

114 3323 270 3405 meravit,
296 3323 379 3384 haec
406 3322 481 3382 sunt
513 3321 709 3400 subscripta:
744 3317 807 3381 Iste
837 3318 933 3382 codex
956 3317 1066 3384 illotus
1080 3320 1152 3405 snit
1174 3325 1209 3388 in
1237 3323 1356 3388 Biblio-

114 3425 235 3490 thecom
257 3423 390 3509 Ropicm
412 3445 466 3488 on.
488 3425 582 3488 1530.
626 3422 702 3506 Qua
730 3425 763 3485 in
793 3441 830 3485 re
858 3443 932 3485 cum
964 3428 1105 3504 potnerit
1134 3429 1208 3508 quis
1232 3447 1352 3507 errare,

221 3841 243 3910 ¹]
279 3840 410 3908 Polyaeni
434 3843 545 3907 strateg.
570 3837 597 3891 ll.
618 3834 690 3888 Vlll.
710 3851 761 3888 ree.
786 3835 815 3888 E.
841 3836 989 3890 Woellilin.
1029 3836 1089 3906 Lps.
1125 3837 1261 3892 Teubner.
1281 3837 1356 3894 1860.

117 3929 200 3998 prset'.
220 3943 244 3996 p.
265 3926 317 3978 XX
335 3927 358 3980 5.

219 4015 240 4084 ¹)
275 4013 459 4068 Continentur
482 4017 576 4066 antem
601 4013 650 4065 illo
675 4011 769 4064 codiee
794 4010 873 4064 haee:
898 4019 919 4064 t.
939 4015 1029 4066 Breuis
1047 4023 1189 4078 temporum
1206 4017 1306 4066 notatio
1325 4017 1357 4066 ab

117 4105 177 4154 orbe
193 4105 295 4154 condito
313 4106 351 4154 ed
371 4103 537 4169 Theophilum
556 4106 741 4168 imperatorem
785 4103 807 4152 2.
826 4102 952 4152 Demetrii
970 4100 1091 4152 Phalerei
1107 4103 1282 4166 apophthegm.
1307 4102 1363 4152 VII

117 4191 224 4254 sapient.
260 4191 283 4240 3.
304 4189 359 4240 Oet.
377 4191 427 4242 sut.
462 4193 485 4240 4.
504 4189 608 4240 Aeliani
625 4191 715 4240 varios
731 4189 853 4240 historice
871 4191 897 4238 li.
916 4187 991 4238 n'lv.
1025 4191 1049 4240 6.
1075 4187 1180 4238 Aeliani
1197 4189 1296 4238 tostico
1332 4191 1361 4240 6.

121 4277 270 4326 Onosonsirs'
294 4279 439 4342 strotspieo.
475 4279 495 4326 t.
523 4276 650 4340 Polpcsni
670 4283 878 4340 strategematum
897 4277 922 4326 li.
947 4273 1023 4324 1'111.
1059 4277 1083 4326 8.
1110 4273 1225 4338 Xenoph.
1251 4275 1359 4340 respubl.

119 4364 212 4414 Lueed
255 4365 278 4412 9.
297 4363 458 4416 Bessorionis
477 4363 575 4414 sardin.
594 4363 702 4426 epistola
720 4363 757 4412 nd
773 4361 924 4414 Maiestam
943 4359 1110 4424 Apostolinm.
1153 4363 1192 4410 10.
1216 4357 1363 4412 Andronici

121 4449 222 4500 Canini
237 4451 361 4502 monodia
378 4453 406 4502 in
425 4451 552 4518 infelicem
574 4447 829 4516 Constantinopolim.
847 4453 884 4500 11.
903 4449 1053 4500 Sentersts'os
1071 4446 1198 4511 quosdam
1216 4462 1247 4494 ec
1265 4445 1318 4498 Em
1326 4447 1361 4512 ip.

120 4545 144 4588 st
162 4538 230 4588 olins.
