3062 5070
702 405 919 470 „42-

187 585 355 666 tamqnam
378 581 521 662 glossam
546 581 745 646 vocabulum
768 577 965 664 ἀπόλαυσιν,
999 599 1064 663 quo
1097 581 1130 643 in
1153 582 1226 662 ipsa
1250 582 1355 645 verba
1378 599 1438 644 re-

187 690 280 768 cepto
324 685 488 750 vocabula
532 683 678 770 μέγιστον
719 683 846 769 ἀγαθὸν
885 685 1172 749 commutabantur
1205 685 1238 748 in
1271 681 1437 770 μεγίστων

188 788 321 874 ἀγαθῶν
344 794 445 872 atque
466 789 651 854 addebatur
672 790 834 871 particula
855 787 920 852 aut.

289 894 333 956 lis
356 897 530 975 praetcrea
552 893 670 976 locis¹)‚
693 894 750 958 ubi
772 893 875 960 verba
897 891 1025 958 codices
1048 893 1227 958 deteriores
1244 912 1359 958 omnes
1376 893 1439 956 vel

186 997 360 1080 pterosque
381 995 540 1062 exhibere
562 1001 715 1078 corrupta
737 1001 893 1080 apparet,
926 999 1063 1062 minime
1096 998 1221 1062 recedit
1251 999 1358 1066 abiis
1384 994 1438 1082 M,

185 1100 232 1162 ita
259 1103 294 1163 ut
327 1101 394 1166 iem
425 1101 458 1163 in
492 1102 662 1184 utriusque
691 1103 820 1182 generis
842 1102 956 1167 codice
978 1104 1158 1184 archetypo
1181 1103 1346 1168 exstitisse
1368 1103 1438 1167 ilia

184 1203 306 1266 menda
340 1202 485 1285 putanda
517 1205 601 1283 sint,
634 1205 662 1267 si
695 1205 830 1288 quidem
864 1225 883 1270 e
916 1206 1062 1270 melioris
1084 1207 1214 1292 generis
1237 1205 1352 1270 codice
1374 1225 1438 1270 ax-

186 1303 313 1388 scripsit
337 1303 542 1372 Meibomius.
598 1298 727 1392 Quibus
750 1311 834 1374 alius
857 1310 958 1374 ctiam
980 1310 1106 1374 accedit
1127 1311 1238 1387 locus,
1272 1311 1330 1374 ubi
1364 1330 1438 1374 uno

187 1410 321 1492 quidem
344 1413 506 1476 vocabulo
529 1413 626 1478 distat
648 1411 685 1481 Μ
707 1433 729 1477 a
751 1414 907 1496 reliquis:
938 1414 1051 1478 XXIV
1074 1416 1094 1477 2
1122 1411 1319 1477 δεικνύουσιν
1343 1413 1438 1478 αὐτῶ

186 1514 260 1590 τοὺς
282 1521 393 1591 κακῶς
416 1513 501 1590 (ἐκεῖ
522 1513 574 1594 K)
605 1517 819 1605 διατρίβοντας
842 1516 885 1594 ὡς
906 1524 1018 1593 κακῶς
1041 1516 1126 1602 (εἰκῆ
1149 1515 1201 1593 Μ)
1236 1515 1439 1604 διατρίβουσι

187 1619 266 1696 (σπι.
284 1614 336 1700 K)
359 1617 415 1681 καὶ
436 1617 558 1697 ἀλλοῖος
580 1621 668 1705 ζῶσι,
690 1623 749 1687 sad
771 1641 831 1695 ncc
847 1618 1016 1689 codicisM
1037 1624 1231 1704 scripturam
1256 1639 1329 1686 esse
1350 1625 1438 1686 inte-

187 1740 283 1804 gram
304 1741 402 1787 nemo
425 1729 482 1810 est,
504 1727 583 1808 quin
606 1727 726 1792 videat.
766 1724 815 1792 Eo
837 1731 949 1792 autem
971 1729 1053 1811 loco,
1076 1744 1141 1812 quo
1163 1725 1233 1791 'solo
1256 1728 1437 1792 manifeste

187 1845 302 1890 veram
324 1830 470 1892 servavit
491 1831 687 1912 scripturam
702 1829 746 1910 M,
770 1833 926 1896 consentit
949 1851 1022 1895 cum
1046 1849 1086 1896 eo
1102 1827 1150 1908 V„
1167 1831 1213 1894 ita
1236 1834 1273 1893 ut
1295 1848 1359 1895 non
1382 1832 1438 1910 sit,

189 1949 247 1994 cur
284 1950 303 1995 a
342 1934 486 1997 melioris
523 1938 652 2016 generis
691 1937 875 2018 exemplari
913 1955 989 2000 eam
1028 1953 1101 1999 essa
1133 1936 1286 1998 haustam
1320 1934 1434 2012 dicas;

187 2033 344 2100 XXVIlt
368 2037 456 2100 enim
479 2039 635 2103 aberrans
658 2041 812 2106 librarius
834 2040 970 2123 quidam
993 2059 1014 2103 a
1036 2038 1205 2103 vocabulis
1228 2035 1259 2100 ot
1282 2036 1318 2101 δὲ
1339 2037 1434 2102 ἀστε-

186 2136 326 2222 φάνωτοι
349 2139 390 2204 ed
415 2141 534 2206 eadem
557 2145 727 2222 vocabula,
762 2163 850 2227 quae
872 2145 905 2208 in
928 2163 955 2211 c.
977 2141 1108 2208 XXVII
1129 2143 1150 2207 3
1172 2144 1336 2227 leguntur,
1369 2162 1435 2226 pro

188 2239 217 2305 οἱ
240 2240 275 2304 δὲ
297 2242 514 2328 ἀστεφάνωτοι
536 2243 639 2331 λύπης
660 2246 716 2310 καὶ
738 2255 882 2332 ταραχῆς
914 2249 1043 2328 scripsit
1076 2243 1106 2310 ct
1139 2243 1175 2309 δὲ
1213 2245 1437 2329 ἀστεφάνωτοι

188 2343 217 2410 οἱ
240 2346 296 2432 μὲν
320 2347 571 2433 ἀπεγνωσμένος
597 2352 655 2416 scd
679 2353 807 2434 cognito
828 2353 939 2416 statim
962 2369 1073 2416 errore
1095 2351 1226 2415 videtur
1248 2355 1338 2416 recte
1359 2370 1436 2433 per·

187 2453 312 2516 rexisse
335 2453 470 2536 quidem
493 2456 663 2520 vocabulis
684 2455 817 2532 καὶτὰς
839 2453 962 2540 κνήμας
985 2475 1016 2518 ιι.
1030 2475 1056 2518 τ.
1070 2452 1111 2537 λ.,
1133 2455 1298 2520 vocabula
1319 2453 1350 2518 οἱ
1373 2455 1434 2539 μὲν

188 2555 426 2641 ἀπεγνωσμένα
448 2564 561 2622 autem
584 2579 647 2625 non
671 2560 842 2645 delevisse,
864 2561 935 2624 sive
956 2578 1056 2641 supra
1078 2578 1119 2624 ea
1140 2551 1212 2622 sive
1233 2559 1268 2622 in
1280 2561 1436 2642 margine

187 2663 337 2744 apposuit
357 2682 473 2728 veram
495 2665 692 2746 scripturam
715 2661 817 2748 λύπης
840 2662 896 2726 καὶ
917 2671 1074 2748 ταραχῆς;
1097 2664 1155 2746 qui
1176 2663 1277 2745 igitur
1299 2681 1344 2727 ex
1369 2665 1435 2728 hcc

188 2765 300 2830 codice
311 2769 599 2850 transscripserunt
610 2786 694 2846 suos,
717 2769 766 2831 his
779 2769 949 2832 vocabulis
961 2768 1121 2850 ,neglectis
1143 2786 1184 2831 ca
1205 2767 1277 2846 soie
1298 2784 1437 2850 recepe·
1516 2831 1517 2838 ,

187 2875 281 2949 runt,
316 2890 403 2954 qnae
424 2873 458 2935 in
480 2874 551 2954 ipso
573 2891 672 2936 versu
695 2876 788 2936 erant
811 2876 968 2951 exarata,
1008 2871 1285 2952 apostorioribus
1308 2875 1434 2958 autem,

188 2993 264 3038 cum
286 2975 475 3039 viderentur
498 2995 570 3040 csse
591 2980 763 3058 corrupta,
799 2977 1103 3054 commutabantur,
1137 2981 1172 3038 ut
1200 2994 1301 3057 supra
1323 2977 1435 3040 retuli.
1516 2977 1517 2982 ’

292 3078 435 3158 Accedit,
458 3080 547 3163 quod
569 3081 752 3162 scripturae
773 3080 1012 3164 discrepantiae
1034 3079 1076 3143 ad
1099 3080 1314 3161 posteriorem
1326 3080 1437 3144 libelli

188 3187 317 3264 partem
340 3187 521 3264 spectantes
543 3189 698 3268 quattuor
720 3189 847 3248 tantum
870 3186 1065 3267 paginarum
1088 3184 1193 3264 spatio
1216 3183 1249 3245 in
1261 3183 1437 3247 Maibomii

189 3287 332 3352 editione
354 3289 577 3368 continentur,
611 3307 707 3374 cum,
742 3307 831 3372 quae
860 3287 903 3352 ad
926 3289 1069 3370 priorem
1093 3287 1271 3371 pertinent,
1305 3291 1435 3369 septem

188 3393 355 3473 impleant,
379 3392 476 3477 quod,
499 3393 560 3456 etsi
582 3393 694 3474 paullo
717 3395 824 3457 minor
847 3397 896 3456 est
917 3393 1024 3457 altera
1045 3411 1121 3473 pars
1146 3391 1262 3472 priore,
1283 3391 1357 3454 iure
1373 3393 1436 3454 mi·

188 3497 280 3560 reris.
326 3495 429 3575 Adde,
465 3497 554 3580 quod
576 3499 610 3560 in
631 3497 750 3560 iisdem
772 3498 892 3576 verbis,
925 3499 959 3560 in
982 3496 1101 3580 quibus
1126 3488 1201 3577 GK,
1224 3493 1355 3558 videtur
1378 3494 1435 3558 de·

191 3600 285 3664 siisse
306 3597 362 3679 M;
386 3603 538 3680 mutilum
562 3602 662 3683 igitur
684 3619 761 3666 eum
783 3601 883 3668 fuisse
904 3603 937 3664 in
960 3601 1025 3664 fine
1046 3604 1200 3682 putamus
1222 3602 1361 3680 oportet.

293 3705 519 3790 Quaecunque
542 3707 596 3770 hic
618 3705 756 3787 exposui
778 3705 806 3768 si
827 3709 1029 3788 reputamus,
1061 3721 1194 3785 prorsus
1215 3703 1311 3767 aliter
1338 3703 1434 3767 nobis

188 3809 393 3874 sentiendum
418 3809 460 3874 de
482 3809 594 3875 codice
615 3809 805 3892 Maibomii,
838 3814 939 3892 atque
972 3806 1081 3872 adhuc
1112 3809 1259 3872 fecerunt
1282 3803 1433 3872 homines

191 3913 287 3977 docti.
332 3914 376 3978 Ut
400 3915 513 3996 paucis
536 3911 829 3995 comprehendam:
1250 3933 1253 3940 ·

264 4021 266 4026 ’
289 3997 333 4082 ’1.
367 4016 524 4082 corucem
546 4014 573 4084 o
595 4015 785 4083 adhibuisse
807 4017 1041 4099 Meibomium,
1074 4016 1145 4079 sive
1177 4014 1250 4098 quis
1273 4015 1357 4078 atius
1381 4034 1433 4078 ex-

363 4123 480 4204 cerpsit
503 4123 653 4188 codicum
674 4123 861 4204 scripturas,
884 4124 1017 4183 constat.
1202 4117 1205 4122 '

194 4298 606 4310 ffl

294 4469 316 4536 ¹)
346 4467 448 4520 XXXV
468 4469 484 4520 3
505 4472 544 4523 ὅτι
562 4471 589 4522 ἐν
607 4475 643 4536 τῷ
661 4471 755 4535 πρώτῳ
772 4470 910 4536 περιβόλῳ.
951 4466 1055 4520 XXXV
1074 4467 1090 4518 5
1108 4471 1155 4520 ἀάν
1175 4470 1258 4532 οὕτως
1277 4471 1370 4535 ποιῆτε
1387 4473 1432 4522 ναι

189 4557 372 4623 ἀνδιατρίβητε.
412 4555 532 4607 XXXIX
551 4555 567 4607 1
585 4559 621 4621 ὡς
639 4559 670 4609 οὐ
688 4557 828 4619 πολλάκις.
864 4555 912 4607 XL
931 4555 947 4607 1
965 4560 1027 4610 ὅταν
1046 4561 1177 4623 τιμῶνται.
