3062 5070
717 406 929 473 ..24-

207 1108 256 1172 III
280 1110 297 1170 1
323 1104 493 1191 προσέξετε
515 1105 570 1169 καί

208 1229 256 1294 III
279 1231 298 1293 2
323 1227 409 1292 ἔοικε
430 1229 493 1311 γὰρ
515 1226 536 1311 ἡ
561 1227 707 1314 ἐξήγησις
729 1235 774 1312 τῷ

207 1573 253 1636 IV
277 1574 295 1635 1
321 1570 389 1635 ἐπεί
410 1570 466 1634 καί

206 1693 253 1758 IV
277 1695 296 1756 2
320 1691 392 1777 περί
411 1693 469 1775 τὴν
492 1691 596 1779 πύλην

206 1814 253 1882 IV
277 1815 295 1878 2
320 1811 515 1897 πορεύεσθαι

206 1936 253 2001 IV
277 1937 296 1999 3
321 1932 371 1997 δεῖ
390 1932 526 2020 βαδίζειν
549 1937 569 2020 ῆ
593 1943 660 2014 πῶς

208 2060 237 2123 V
261 2060 279 2121 1
304 2053 455 2139 ποτήριον

209 2182 240 2245 V
264 2181 283 2243 2
307 2175 428 2252 πάντας
451 2175 642 2260 ἀνθρώπους

209 2297 393 2367 λίδτουτί
416 2295 450 2360 δὲ

211 2401 448 2478 λί3πίνοντες

211 2511 240 2573 V
265 2509 284 2572 Β
308 2503 374 2593 βίον
397 2506 512 2582 πάντες

210 2615 257 2678 VI
280 2615 299 2677 2
322 2607 568 2696 περιπλέκονται

211 2718 258 2780 VI
280 2718 300 2781 3
324 2714 435 2800 ἥξουσι

210 2820 257 2884 VI
280 2820 299 2884 3
323 2818 355 2896 ἐς
378 2816 445 2905 βίον
469 2814 569 2880 ἄλλον

209 2924 272 2987 VII
295 2926 323 2988 2.
346 2921 425 2986 VIII
448 2922 467 2983 2
492 2919 513 2982 ἀ
535 2918 637 2984 ἔδωκε

208 3027 288 3090 VIII
313 3029 330 3089 1
356 3025 448 3100 οὗτος
471 3022 543 3106 περί

208 3131 287 3194 VIII
309 3131 329 3193 3
351 3126 420 3193 τίνα
444 3126 526 3190 ἔστιν

208 3234 288 3299 VIII
309 3232 330 3295 4
353 3230 409 3294 καί
431 3228 516 3293 ἄλλα

207 3334 447 3410 Η3ώπ

207 3439 257 3502 IX
279 3440 299 3502 3
321 3436 501 3522 νανναρῑζιι

207 3543 257 3606 IX
278 3544 301 3605 4
322 3541 360 3605 ἐν
382 3540 502 3605 τούτων

207 3646 280 3710 Χ1
316 3644 417 3708 ὀπίσω
452 3644 511 3728 ἔφη
541 3665 570 3708 τι
601 3647 711 3729 μικρὸν
735 3648 801 3711 άνω

252 3747 358 3832 ὥσπερ
381 3746 492 3832 θυρίον

851 579 896 658 τίς
931 600 981 643 σοι
1015 577 1036 662 ἡ
1067 575 1191 662 μεγάλη
1216 574 1359 661 ἀσχολία
1383 598 1464 660 τυγ-

898 699 1044 842 χάλίουσα
1067 753 1106 839 p²

852 880 897 957 τίς
920 900 970 981 σοι
991 877 1115 964 μεγάλη
1140 874 1280 962 ἀσχολία
1298 875 1460 958 τυγχάνει

897 987 978 1049 οὖσα
1002 981 1038 1052 K
1518 979 1519 1008 ί

854 1107 1024 1192 προσέξετε
1048 1109 1108 1192 ἔφη
1132 1104 1188 1168 καί

855 1232 1004 1317 ἔστιγὰρ
1026 1231 1048 1316 η
1071 1228 1217 1314 ἐξήγησις
1240 1233 1284 1289 τῶ
1307 1225 1343 1294 Α
1382 1195 1391 1216 ⁸

856 1353 920 1416 ἔστι
953 1354 1015 1437 γάρ
1044 1352 1065 1437 ἡ
1089 1348 1235 1435 ἐξήγησις
1260 1348 1388 1413 ἐοικυῖα
1411 1356 1460 1412 τῶ

901 1450 1215 1527 VLBRDWPCK

856 1573 984 1658 ἐπείπερ
1009 1572 1078 1669 καί

855 1699 943 1781 παρὰ
965 1699 1021 1780 τὴν
1044 1694 1148 1781 πύλην
1187 1716 1193 1724 ·

856 1817 1101 1904 εἰσπορεύεσθαι
1187 1791 1192 1802 ’

856 1942 906 2006 δεῖ
927 1938 1063 2028 βαδίζειν
1087 1978 1129 1987 -
1153 1936 1291 2024 βαδίζειν
1312 1938 1333 2022 ἢ
1358 1944 1426 2013 πῶς
1519 1977 1520 1982 1

856 2060 1007 2146 ποτήριόν
1030 2080 1058 2123 τι
1370 2063 1372 2068 ·

856 2185 975 2260 πάντας
998 2183 1071 2258 τοὺς
1095 2179 1287 2264 ἀνθρώπους

857 2319 950 2376 τοῦτο
975 2307 1010 2372 δὲ

856 2414 981 2490 πιάντες

856 2517 923 2605 βίον
946 2515 1080 2598 πότερον
1105 2512 1160 2576 οὖν
1185 2509 1300 2586 πάντες

855 2620 1030 2685 πλέκονται

856 2724 988 2804 ἄξουσοιι

729 2833 731 2840 ’
857 2829 899 2906 εἰς
923 2826 989 2915 βίον

856 2933 877 2996 ἀ
900 2929 1022 2995 δέδωκε

856 3036 948 3112 οὗτος
973 3034 989 3098 δ
1012 3033 1083 3117 περί

854 3137 922 3203 τίνα
946 3139 1001 3202 οὖν
1026 3137 1107 3201 ἔστιν

821 3215 824 3254 ³
854 3241 911 3305 καί
932 3239 1038 3305 τᾶλλα

855 3346 910 3410 ἐάν
934 3345 990 3409 οὖν
1012 3365 1057 3420 τις

853 3446 1032 3534 ναρναλῑζτ

854 3554 961 3618 ἕνεκεν
984 3550 1104 3616 τούτων

854 3656 955 3721 ὀπίσω
978 3677 1006 3719 τι
1029 3655 1088 3740 ἔφη
1120 3654 1223 3718 αὐτῶν
1253 3656 1318 3720 ἀνω
1343 3657 1452 3742 ὥσπερ

896 3758 1008 3843 θυρίον
1032 3758 1144 3842 μικρὸν
1167 3756 1201 3826 Α

854 3867 954 3933 ὀπίσω
983 3889 1012 3933 τι
1039 3869 1142 3933 αὐτῶν
1166 3868 1225 3954 ἔφη
1250 3870 1315 3932 ἀνω
1341 3871 1449 3956 ὥσπερ

895 4040 1008 4125 θύριον
1035 4041 1162 4127 (θηρίον
1187 4040 1297 4110 VRII.
1334 3991 1448 4128 θηρίον

900 4143 957 4226 w)
981 4147 1093 4229 μικρὸν
1120 4143 1328 4216 VLBRDW

852 4247 954 4314 ὀπίσω
987 4269 1015 4314 τι
1049 4249 1152 4316 αὐτῶν
1177 4253 1236 4340 ἔφη
1252 4253 1369 4336 ’ὥσπερ
1391 4249 1447 4315 θύ-

1026 4370 1040 4404 υ

825 4379 829 4420 ²
896 4443 961 4506 πον
986 4420 1112 4507 (ανον
1136 4421 1171 4491 o.
1195 4424 1308 4511 ανον
1328 4422 1379 4506 Κ)
1402 4444 1446 4508 ιι-

895 4530 973 4614 κρδν
998 4524 1092 4598 1³01<
