3062 5070
719 394 926 459 „50-

199 574 246 636 ita
267 571 365 634 distat
386 569 429 652 ab
453 569 533 645 illis,
556 571 592 630 ut
612 586 686 630 oum
710 562 775 635 VL
798 570 986 647 consentiat,
1010 569 1081 631 Iooo
1104 587 1122 631 e
1145 588 1171 633 e.
1195 569 1360 633 XXVIII
1397 586 1461 630 ex·

199 675 318 756 scripto
341 673 539 736 sufficienter
561 671 726 752 probatur.
1330 711 1332 714 -

303 826 474 911 Quaeres
497 847 572 891 oum
595 829 767 890 manifeste
798 831 845 892 ita
867 849 902 892 se
926 830 1056 906 habeat,
1081 829 1264 912 nonnullis,
1298 829 1354 910 qui
1396 827 1462 889 ob-

198 937 286 996 stare
307 930 469 1015 videntur,
490 932 579 1009 lonis,
601 935 636 994 ut
659 931 754 995 aliter
775 922 962 1013 sentiamus,
986 935 1122 997 minime
1142 934 1217 996 lioot
1236 931 1460 1008 nosadduei3

200 1039 405 1098 enatantem
431 1035 463 1097 hi
488 1036 564 1099 Ioei:

200 1190 265 1253 XII
288 1192 308 1255 3
331 1188 447 1274 ταύτην
469 1187 632 1253 τοίνυν-
648 1187 792 1255 παιδείαν
845 1199 944 1256 ταῦτα
967 1189 1130 1256 τοίνυν-
1154 1187 1301 1253 παιδείαν
1324 1187 1458 1252 καλοῦ-

243 1292 397 1358 ιιαλοῠσιν
419 1290 635 1363 ABRDWC
890 1317 937 1361 σιν
963 1293 1025 1365 VL
1141 1373 1144 1376 ,

200 1399 282 1462 XIX
305 1400 324 1463 2
348 1398 448 1475 οὕτως
472 1398 509 1461 ἂν
534 1396 551 1459 ὁ
575 1398 680 1482 ἰατρὸς
696 1399 792 1463 αὐτὸν
846 1401 946 1477 οὕτως
970 1401 1007 1463 ἂν
1031 1399 1126 1476 αὐτὸς
1143 1398 1255 1478 (αὐτὸν
1283 1393 1326 1480 0)
1350 1398 1367 1460 ὁ
1402 1398 1456 1460 ία-

243 1503 286 1579 είς
309 1500 465 1586 ἀνάληψιν
489 1540 532 1550 -
553 1502 793 1589 κατέστησενΑ
887 1505 960 1588 τρδς
985 1504 1027 1580 εἰς
1051 1500 1207 1588 ἀνάληψιν
1231 1500 1452 1586 -ιιατὲστη-

889 1628 943 1673 σεν
965 1602 1180 1676 VBRDWO

202 1716 318 1779 XXXI
336 1718 354 1779 2
377 1715 465 1791 ίσους
480 1713 626 1799 γίνεσθαι
642 1716 709 1780 οίον
725 1724 793 1794 πῶς
846 1708 933 1788 ἴσους
955 1710 1100 1797 γίνεσθαι
1123 1712 1155 1782 D

242 1820 329 1895 ἴσους
351 1815 496 1903 γίνεσθαι
521 1815 622 1887 VBR
847 1817 943 1880 ὔσουν
966 1814 1112 1901 γίνεσθαι
1138 1817 1183 1886 W

845 1923 959 2005 ἥττους
981 1917 1126 2005 γίνεσθαι
1150 1921 1178 1994 O

199 2027 381 2091 XXXVIII
405 2028 423 2089 1
449 2025 557 2110 ὥσπερ
581 2025 656 2090 οὐδὲ
682 2031 718 2094 τὸ
746 2027 794 2093 τέ·
848 2025 955 2109 ὥσπερ
979 2024 1053 2088 οὐδὲ
1075 2028 1111 2090 τδ
1134 2027 1255 2112 τέμνειν
1273 2030 1329 2093 καί
1342 2028 1452 2094 καίειν

244 2150 328 2214 μνειν
351 2128 406 2192 καί
428 2128 529 2194 καίειν
552 2168 595 2176 -
617 2129 683 2195 ἐστι
706 2153 794 2197 νοσε-
890 2167 933 2177 -
963 2127 1028 2194 ἐστι
1057 2134 1189 2216 νοσερὸν
1220 2133 1276 2197 καί
1309 2135 1452 2220 ὑγιεινὸν

245 2234 378 2317 ρδν.καί
401 2233 535 2318 ὑγιεινὸν
559 2231 644 2298 ἀλλὰ
667 2238 703 2301 τδ
727 2245 794 2313 πῶς
890 2233 1008 2299 οὐκοῦν
1040 2237 1123 2299 οὕτω
1154 2237 1209 2300 καί
1232 2237 1283 2300 ἐπί
1307 2247 1364 2302 τοῦ
1389 2239 1453 2323 ζῆν

243 2338 363 2423 τέμνειν
399 2338 516 2402 οὐκοῦν
551 2341 634 2404 οὕτω
665 2340 721 2404 καί
743 2341 795 2404 ἐπί
891 2336 918 2404 Ο
1523 2335 1524 2418 ί

242 2450 299 2507 τοῦ
323 2442 380 2527 ζῆν
405 2439 589 2511 VBRDW
1523 2483 1524 2526 3

200 2552 351 2615 XXXIX
372 2553 392 2615 3
416 2550 501 2627 εἰκός
524 2570 562 2635 γε
579 2552 641 2635 ἀρα
664 2551 702 2615 ἐκ
724 2552 795 2616 του·
848 2545 933 2624 είκδς
960 2566 998 2631 γε
1025 2546 1063 2610 ἐκ
1085 2547 1199 2612 τούτου
1225 2549 1286 2632 ἄρα
1310 2557 1367 2613 τοῦ
1394 2550 1451 2615 λδ·
1523 2537 1524 2560 ³

243 2677 299 2719 του
322 2662 378 2718 τοῦ
402 2652 502 2738 λόγου
526 2653 601 2719 οὐδὲ
622 2654 794 2733 δπλοῦτος
889 2671 949 2735 toti
973 2657 1035 2713 ποῦ
1059 2649 1094 2713 δὲ
1117 2649 1134 2714 ὃ
1158 2650 1297 2728 πλοῦτος
1316 2653 1450 2738 ἀγαθόν

244 2757 369 2844 ἀγαθόν
393 2757 476 2822 ἐστιν
500 2759 587 2841 εἴπερ
618 2759 656 2822 οὐ
680 2758 798 2844 βοηθεῖ
891 2753 974 2818 ἐστιν
998 2754 1086 2839 εἴπερ
1110 2755 1147 2818 οὐ
1178 2753 1294 2840 βοηθεῖ
1330 2793 1370 2804 -
1405 2760 1449 2836 είς

246 2901 285 2913 -
316 2863 359 2940 εἰς
388 2864 424 2928 τὸ
455 2861 597 2950 βελτίους
628 2863 706 2928 είναι
729 2860 795 2934 VB
889 2858 926 2922 τὸ
950 2855 1092 2943 βελτίους
1116 2854 1248 2927 είναιΟ

200 3071 250 3135 ΙΙΙ
272 3074 289 3135 1
315 3067 401 3133 ἀλλὰ
415 3070 502 3135 τουτί
514 3078 639 3156 πρῶτον
652 3069 701 3135 δεῖ
711 3069 795 3155 ἡμᾶς
848 3061 933 3128 ἀλλὰ
955 3066 1042 3129 τουτί
1064 3065 1114 3130 δεῖ
1135 3066 1215 3150 ὑμᾶς
1239 3067 1379 3136 ἀκοῦσαι
1416 3068 1448 3138 Ι)

245 3174 382 3237 ἀκοῦσαι
404 3171 439 3242 Α
889 3166 967 3239 WO

848 3274 933 3340 ἀλλὰ
962 3275 1049 3341 τουτί
1076 3276 1156 3361 ὑμᾶς
1180 3275 1230 3340 δεῖ
1250 3277 1391 3342 ἀκοῦσαι
1414 3279 1448 3352 V

889 3377 990 3474 nan

304 3569 354 3634 Ao
389 3573 492 3636 tribus
531 3573 667 3655 quidem
701 3574 865 3655 prioribus
909 3574 988 3638 loeis
1035 3555 1246 3639 librariorum
1288 3576 1445 3654 emende-

200 3676 325 3757 tiones,
365 3693 429 3740 non
463 3676 582 3740 codicis
617 3678 755 3741 alieuius
789 3679 974 3760 integrioris
1008 3679 1185 3759 scripturas
1227 3678 1377 3742 exhiberi
1413 3683 1445 3743 in

200 3772 379 3845 BRDWC
402 3797 498 3843 nemo
522 3785 579 3862 est,
602 3782 681 3864 quin
703 3781 823 3847 videat.
862 3783 979 3865 Neque
1002 3782 1098 3846 aliter
1120 3781 1252 3846 videtur
1275 3800 1348 3846 esse
1372 3801 1444 3848 een-

200 3883 338 3946 sendum
362 3883 403 3947 de
426 3884 497 3947 loeo
518 3886 669 3966 proxime
689 3888 846 3968 sequenti,
870 3906 954 3970 oum,
976 3886 1142 3968 quomodo
1154 3884 1378 3950 interciderint
1391 3905 1444 3952 vo-

200 3987 321 4051 eabula
342 3988 531 4069 glosserneti
547 3989 726 4074 simillima,
749 4009 813 4055 non
836 3990 937 4071 possit
959 3989 1111 4072 probari;
1133 3988 1190 4052 sed
1214 3988 1346 4052 videtur
1362 3991 1444 4053 sient

199 4090 233 4152 in
256 4110 281 4154 o.
305 4091 422 4155 XXXI
446 4093 465 4154 2
491 4092 544 4154 hic
567 4110 700 4175 quoque
722 4093 826 4158 verba
847 4096 1001 4175 suspecta
1021 4092 1158 4156 eiecisse
1179 4095 1360 4171 corrector;
1383 4095 1440 4176 qui

199 4193 289 4258 idem
311 4197 344 4257 in
367 4214 392 4259 a.
413 4196 564 4259 XXXIX
586 4198 625 4274 3,
657 4216 732 4260 eum
767 4197 993 4278 coniungenda
1023 4214 1095 4260 esse
1127 4201 1260 4278 putaret
1280 4196 1443 4260 voeabula

199 4297 238 4360 ἐκ
260 4296 374 4362 τούτου
397 4305 452 4361 τοῦ
476 4296 576 4383 λόγου
600 4298 674 4362 οὐδὲ
697 4299 714 4362 ὁ
737 4297 877 4375 πλοῦτος
900 4297 1026 4384 ἀγαθόν
1050 4296 1143 4381 ἐστιν,
1167 4299 1364 4380 transposuit
1387 4318 1439 4363 vo-

199 4403 355 4467 cabulum
378 4403 456 4486 ἄρας
491 4407 653 4486 scriptura
681 4411 744 4467 που
775 4408 887 4470 autem
910 4405 1049 4471 debetur
1072 4404 1207 4469 librario
1230 4403 1345 4481 alicui,
1379 4405 1441 4484 qui,

199 4506 710 4593 quomodoeohaererentverba,
728 4508 974 4575 nonintellexit.
997 4508 1063 4575 Sed
1075 4509 1255 4592 quaeritur,
1278 4506 1443 4588 quomodo
