3062 5070
610 392 732 455 --h'3
772 427 816 438 ..

73 563 331 648 emendandum
355 565 498 646 cogitare
514 564 648 646 quidem
666 566 768 646 possis
791 564 833 627 dc
855 562 921 626 ἔστι
943 601 984 612 -
1008 561 1102 647 ὁμοία
1126 566 1179 628 vel
1203 563 1267 629 ἔστι
1292 601 1330 614 -

75 665 217 730 ἐοικυῖα
240 669 292 732 vel
317 667 418 744 ἔροτις
441 669 604 732 faciliores
624 687 703 732 sane
725 673 799 732 sunt
822 668 909 731 duae
931 670 1055 749 priores
1078 670 1332 735 emendationes.

80 772 165 856 Sed,
188 790 257 854 quo
272 774 344 837 loco
359 775 399 836 sit
422 772 630 836 inserendum
654 774 853 836 vocabulum
878 775 931 836 vel
955 775 1070 854 potius,
1093 792 1159 856 qno
1183 775 1334 838 videatur

76 875 301 953 intercidisse,
323 876 557 959 quaerendum.
585 877 695 940 Potuit
717 879 877 958 scriptum
898 895 971 940 esse
992 883 1065 960 post
1088 880 1333 963 vocabulaphp,

77 977 250 1064 ἐξήγησις,
279 977 449 1064 αἰνίγματι,
465 977 467 982 ’
483 998 624 1062 quorum
658 981 804 1044 Iocorum
835 981 926 1044 nulio
969 983 1026 1063 qui
1056 982 1096 1044 sit
1130 983 1263 1066 factum,
1298 988 1334 1048 ut

77 1087 307 1162 minueretur,
337 1089 488 1166 apertum
519 1089 581 1162 est,
611 1085 674 1146 nisi
702 1101 834 1165 prorsus
867 1086 1041 1148 evanuisse
1073 1089 1176 1166 putas.
1221 1085 1334 1170 Quare

79 1205 166 1250 mea
199 1187 336 1270 quidem
368 1191 527 1254 sententia
556 1207 620 1252 non
652 1192 708 1266 est,
742 1209 801 1252 cur
831 1190 977 1252 codicem
997 1186 1042 1266 ,V
1073 1190 1125 1252 hic
1155 1193 1332 1270 genuinam

77 1309 241 1354 servasse
266 1293 459 1373 scripturam
488 1311 665 1375 negemns3
699 1294 835 1357 fortasse
864 1294 1021 1359 hocloco
1052 1299 1085 1355 et
1111 1311 1159 1373 eo,
1182 1312 1283 1375 quem
1316 1313 1335 1358 e

79 1413 112 1455 c.
137 1394 185 1459 IV
210 1396 230 1458 3
253 1398 399 1480 tractavi,
421 1397 562 1459 innisum
586 1396 619 1458 id
638 1398 809 1477 archetypi
832 1399 1067 1480 apographum,
1092 1419 1117 1460 e.
1133 1415 1198 1482 quo
1222 1406 1335 1480 postea

83 1495 121 1564 V
144 1501 308 1579 originem
324 1499 427 1584 duxit,
450 1501 694 1580 transscriptum
715 1519 795 1582 esse,
818 1519 893 1562 cum
916 1502 1014 1581 plura
1037 1502 1136 1564 etiam
1160 1507 1335 1582 potnerunt

82 1605 168 1684 legi,
199 1622 301 1685 quam
331 1622 370 1666 eo
401 1613 565 1688 tempore,
596 1621 663 1685 quo
693 1605 835 1666 alterurn
865 1605 1011 1668 codicem
1040 1605 1153 1668 codice
1179 1603 1213 1672 A
1241 1607 1334 1670 nobis

82 1711 372 1788 repraesentatum
395 1709 547 1770 exarant
565 1708 719 1770 librarius
742 1708 872 1792 aliquis,
894 1711 996 1789 possis
1019 1711 1177 1773 conicere.

193 1863 259 1925 VII
288 1866 316 1926 1.
348 1860 396 1926 XI
427 1866 456 1926 1.
499 1863 650 1948 Utroque
684 1866 756 1928 ioco
790 1863 996 1929 desideratur
1032 1863 1218 1946 articulum)
1250 1862 1271 1947 ἡ
1302 1867 1333 1928 in

85 1968 203 2030 codice
219 1964 270 2050 Α,
292 1969 379 2050 quod
397 1972 508 2031 autem
532 1974 664 2049 propter
686 1967 933 2031 antecedentem
957 1969 1099 2031 litteram
1123 1969 1154 2032 N
1177 1971 1335 2032 facillime

85 2074 194 2152 potuit
211 2073 316 2135 omitti
331 2073 361 2134 H
386 2107 425 2118 -
450 2073 482 2134 in
502 2073 687 2135 minusculo
704 2073 802 2133 etiam
820 2069 995 2152 alphabeto
1018 2073 1077 2135 has
1092 2075 1214 2136 tonnas
1237 2075 1335 2136 inisse

85 2177 121 2236 in
138 2196 200 2238 usu
222 2180 346 2239 constat
360 2178 445 2239 inter
467 2194 580 2238 omnes
601 2211 645 2222 —
667 2194 731 2238 non
754 2181 811 2259 est,
833 2195 891 2238 cur
914 2178 945 2237 in
969 2177 1149 2260 archetypo
1172 2180 1334 2241 exstitisse

87 2285 188 2344 etex
212 2298 252 2342 eo
275 2281 306 2341 in
329 2280 476 2345 codicem
500 2275 533 2346 V
556 2298 627 2343 esse
650 2280 809 2342 translata
833 2297 998 2360 negemus.

196 2435 258 2500 VH
270 2436 299 2498 3.
321 2433 388 2498 εἶτα
401 2432 430 2497 τί
441 2441 535 2498 τοῦτο
549 2433 692 2519 σημαίνει
704 2436 764 2498 οὐκ
776 2433 925 2519 ἀσφαλὴς
938 2434 1013 2498 οὐδὲ
1027 2434 1138 2522 βεβαία
1150 2435 1232 2501 ἐστὶν
1244 2437 1265 2522 η
1279 2435 1335 2500 ἀπ’

87 2538 189 2622 αὐτῆς
197 2536 334 2614 δόσιςΑ.
375 2541 468 2603 Haec
481 2541 581 2604 verba
592 2541 619 2602 si
629 2546 765 2624 spectas,
784 2541 1012 2604 nihilomnino
1032 2541 1198 2618 desideras
1215 2550 1333 2605 etcum

86 2644 165 2706 aiiis
183 2644 287 2708 libelii
305 2645 384 2707 Iocis
402 2647 430 2706 si
449 2642 797 2726 comparaveris²)‚‚ea
813 2663 883 2707 essc
895 2646 1038 2726 genuina
1053 2646 1149 2707 facite
1165 2647 1334 2710 concedes.

85 2747 208 2828 Itaque
238 2749 436 2813 trocahulnm
467 2749 529 2832 ὅτι,
559 2748 647 2831 quod
682 2753 789 2812 exstat
819 2751 851 2811 in
879 2749 990 2812 codice
1018 2745 1060 2826 V,
1089 2749 1253 2830 glossema
1277 2757 1335 2828 est,

86 2868 154 2914 non
170 2850 291 2914 codicIs
306 2854 476 2934 archetypi
492 2855 661 2934 scriptura
700 2852 764 2916 Sed
780 2855 812 2915 in
830 2854 939 2916 verbis
955 2855 1106 2934 proxime
1123 2854 1335 2934 sequentibus

87 2971 206 3016 verum
222 2958 367 3018 servavit
385 2952 425 3034 V,
440 2975 517 3019 cum
533 2959 565 3020 in
580 2956 694 3020 codice
710 2953 746 3023 A
760 2958 886 3020 librarii
903 2958 1042 3020 alicuius
1066 2973 1158 3019 error
1180 2955 1333 3019 videatur

87 3063 240 3141 exstare3
263 3059 351 3141 quod
368 3062 457 3122 enim
472 3062 664 3142 saepissime
686 3060 926 3124 confunduntur
950 3060 1187 3140 vocabulorum
1211 3057 1275 3120 ἀπὸ
1299 3063 1332 3119 et

87 3161 179 3243 παρὰ
194 3161 426 3244 compendia³)‚
449 3165 646 3227 evocabulo
661 3163 748 3246 παρὰ
768 3166 801 3225 in
817 3164 997 3243 archetypo
1021 3180 1079 3243 per
1103 3160 1332 3242 compendium

87 3265 209 3347 scripto
233 3271 372 3348 utraque
393 3268 555 3348 scriptura
576 3269 681 3348 potnit
703 3269 790 3330 oriri.

196 3753 217 3821 Ι)
237 3751 300 3804 XIV
321 3753 335 3804 1
354 3759 381 3807 αῑ
399 3758 428 3806 δὲ
446 3762 571 3822 γυναῖκες
590 3757 690 3810 ὲκιῖναι
708 3761 735 3808 αἱ
754 3759 881 3810 δοκοῦσαι
899 3760 1066 3825 περιτρέχειν.
1087 3753 1181 3808 VIIII
1200 3760 1255 3812 cti
1271 3755 1334 3828 [τῶν

91 3839 250 3910 ἀνθρώπων]
267 3844 352 3904 πολὺς
370 3843 453 3909 ῦχλος
477 3844 554 3906 οῦτος
578 3846 669 3910 &napi
688 3846 769 3912 αὐτὴν
789 3847 916 3910 ἑστηκὼς.
953 3843 990 3894 lv
1011 3845 1026 3895 2
1045 3849 1060 3898 ὁ
1079 3847 1162 3912 ὄχλος
1183 3848 1198 3897 ὁ
1216 3848 1301 3909 πολῦς
1320 3850 1334 3898 ὁ

89 3929 161 3992 παρὰ
179 3929 227 3993 τὴν
244 3930 331 3994 πῦλην
352 3931 469 3994 ἐφεστὼς
486 3959 520 3967 -
539 3933 553 3984 ὁ
573 3933 602 3983 δὲ
620 3933 707 3999 γέρων
726 3933 741 3983 ὁ
760 3933 815 3984 ἀνω
833 3933 961 3996 ἑστηκὼς.
1150 3919 1153 3926 ’

195 4014 219 4080 ²)
242 4013 280 4064 IX
299 4017 314 4064 2
339 4019 363 4067 τί
387 4017 433 4068 οῦν
458 4017 671 4084 &aeterternam
692 4019 782 4082 αῦται;
809 4023 1011 4084 παρατηροῦσιν,
1030 4021 1092 4085 ἔφη,
1109 4020 1171 4081 τοῦς
1189 4020 1335 4084 εἰληφότας

90 4115 119 4150 τι
156 4097 221 4148 XVI
241 4100 256 4149 2
279 4105 302 4153 τι
326 4104 371 4154 οῦν
396 4105 444 4166 τὰς
469 4113 560 4171 χεῖρας
584 4108 741 4159 ῦιιτιτᾰκασι
760 4105 902 4172 προθύμως
921 4107 1018 4169 οὕτως
1043 4107 1244 4172 παρακαλοῦσι,
1269 4107 1331 4171 ὕφη,

90 4189 149 4248 τοῦς
173 4192 407 4254 παραγινομῦνους.
451 4189 529 4240 XXV
551 4191 563 4242 1
589 4195 662 4246 ἀλλὰ
685 4197 732 4246 και
755 4198 832 4245 τοῦτο
855 4193 935 4243 πάλιν
954 4195 1045 4257 ἀποριῦ
1068 4195 1111 4244 διὰ
1129 4195 1152 4244 τί
1171 4193 1332 4244 διικνῦουσιν

91 4274 160 4340 αῦτῷ
178 4276 224 4326 τὸν
242 4277 323 4326 τόπον
341 4279 452 4342 ἰκτῖνον,
471 4278 534 4330 ὅθεν
553 4280 614 4344 ῆκιι
630 4283 661 4333 τὸ
681 4283 823 4348 πρότερον,
842 4280 891 4330 οῦκ
911 4281 1025 4344 ἀκριβῶς
1043 4280 1101 4344 ᾐῦιι
1118 4281 1179 4331 οῦδὲ
1197 4281 1332 4344 ἠπίστατο,

92 4363 152 4427 ten,
170 4362 246 4413 othir
264 4367 315 4414 τῶν
334 4365 397 4414 tant
434 4361 552 4412 XXXIII
572 4365 588 4414 5
614 4367 690 4418 other
715 4367 768 4430 ἄρα
793 4367 982 4431 λέγειςταῦτα
1000 4367 1116 4432 χρήσιμα
1134 4369 1202 4417 ιῑναι
1219 4368 1284 4432 πρὸς
1302 4369 1332 4418 τὸ

92 4449 207 4512 βελτίους
225 4449 350 4514 γενέσθαι
369 4451 482 4518 ἄνδρας,
501 4453 554 4503 toa
571 4455 623 4518 γὰρ
640 4457 688 4505 και
705 4455 770 4505 arao
787 4453 886 4504 τοῦτον
906 4452 1022 4514 βιλιῑους
1040 4451 1173 4517 γενέσθαι.

194 4533 218 4602 ³)
238 4531 301 4584 Baat
318 4541 464 4586 comment.
484 4535 627 4604 palaeogr.
646 4553 672 4604 p.
691 4537 749 4591 764.
767 4536 826 4590 831.
