<?xml version="1.0" encoding="UTF-8"?>
<!DOCTYPE html PUBLIC "-//W3C//DTD XHTML 1.0 Transitional//EN"
    "http://www.w3.org/TR/xhtml1/DTD/xhtml1-transitional.dtd">
<html xmlns="http://www.w3.org/1999/xhtml" xml:lang="en" lang="en">
 <head>
  <title>
</title>
<meta http-equiv="Content-Type" content="text/html;charset=utf-8" />
  <meta name='ocr-system' content='tesseract 3.04.00' />
  <meta name='ocr-capabilities' content='ocr_page ocr_carea ocr_par ocr_line ocrx_word'/>
</head>
<body>
  <div class='ocr_page' id='page_1' title='image "./deartecriticace00muelgoog_0094.png"; bbox 0 0 3062 5070; ppageno 0'>
   <div class='ocr_carea' id='block_1_1' title="bbox 596 397 809 468">
    <p class='ocr_par' dir='ltr' id='par_1_1' title="bbox 596 397 809 468">
     <span class='ocr_line' id='line_1_1' title="bbox 596 397 809 468; baseline 0.009 -18"><span class='ocrx_word' id='word_1_1' title='bbox 596 397 809 468; x_wconf 76' lang='lat'><strong>..73-</strong></span> 
     </span>
    </p>
   </div>
   <div class='ocr_carea' id='block_1_2' title="bbox 79 575 1324 1282">
    <p class='ocr_par' dir='ltr' id='par_1_2' title="bbox 79 575 1324 1282">
     <span class='ocr_line' id='line_1_2' title="bbox 81 575 1322 664; baseline 0.003 -24"><span class='ocrx_word' id='word_1_2' title='bbox 81 577 222 641; x_wconf 67' lang='lat' dir='ltr'><strong>lacuum</strong></span> <span class='ocrx_word' id='word_1_3' title='bbox 244 577 383 658; x_wconf 78' lang='lat' dir='ltr'><strong>vestigia</strong></span> <span class='ocrx_word' id='word_1_4' title='bbox 404 575 650 658; x_wconf 88' lang='lat' dir='ltr'><strong>deprehendere</strong></span> <span class='ocrx_word' id='word_1_5' title='bbox 672 577 733 640; x_wconf 90' lang='lat' dir='ltr'><strong>tibi</strong></span> <span class='ocrx_word' id='word_1_6' title='bbox 754 578 858 659; x_wconf 86' lang='lat' dir='ltr'><strong>possis</strong></span> <span class='ocrx_word' id='word_1_7' title='bbox 881 577 1003 656; x_wconf 87' lang='lat' dir='ltr'><strong>videri;</strong></span> <span class='ocrx_word' id='word_1_8' title='bbox 1025 577 1083 643; x_wconf 88' lang='lat' dir='ltr'><strong>sad</strong></span> <span class='ocrx_word' id='word_1_9' title='bbox 1106 579 1139 641; x_wconf 85' lang='lat' dir='ltr'><strong>in</strong></span> <span class='ocrx_word' id='word_1_10' title='bbox 1154 575 1200 662; x_wconf 88' lang='lat' dir='ltr'><strong>K,</strong></span> <span class='ocrx_word' id='word_1_11' title='bbox 1223 598 1322 664; x_wconf 91' lang='lat' dir='ltr'><strong>quem</strong></span> 
     </span>
     <span class='ocr_line' id='line_1_3' title="bbox 80 675 1323 774; baseline 0.002 -30"><span class='ocrx_word' id='word_1_12' title='bbox 80 699 124 744; x_wconf 86' lang='lat' dir='ltr'><strong>ox</strong></span> <span class='ocrx_word' id='word_1_13' title='bbox 146 680 267 746; x_wconf 84' lang='lat' dir='ltr'><strong>eodem</strong></span> <span class='ocrx_word' id='word_1_14' title='bbox 293 681 480 765; x_wconf 79' lang='lat' dir='ltr'><strong>archetypo,</strong></span> <span class='ocrx_word' id='word_1_15' title='bbox 510 697 617 763; x_wconf 91' lang='lat' dir='ltr'><strong>equo</strong></span> <span class='ocrx_word' id='word_1_16' title='bbox 640 675 829 758; x_wconf 74' lang='lat' dir='ltr'><strong>Bltbwtt</strong></span> <span class='ocrx_word' id='word_1_17' title='bbox 858 699 928 746; x_wconf 90' lang='lat' dir='ltr'><strong>esse</strong></span> <span class='ocrx_word' id='word_1_18' title='bbox 958 683 1205 774; x_wconf 81' lang='lat' dir='ltr'><strong>transscriptum</strong></span> <span class='ocrx_word' id='word_1_19' title='bbox 1232 683 1323 747; x_wconf 85' lang='lat' dir='ltr'><strong>locus</strong></span> 
     </span>
     <span class='ocr_line' id='line_1_4' title="bbox 80 773 1323 868; baseline 0.002 -20"><span class='ocrx_word' id='word_1_20' title='bbox 80 803 148 849; x_wconf 80' lang='lat' dir='ltr'><strong>aa</strong></span> <span class='ocrx_word' id='word_1_21' title='bbox 171 784 303 850; x_wconf 89' lang='lat' dir='ltr'>XXVII</span> <span class='ocrx_word' id='word_1_22' title='bbox 325 786 342 847; x_wconf 90' lang='lat'>1</span> <span class='ocrx_word' id='word_1_23' title='bbox 366 773 465 867; x_wconf 82' lang='lat' dir='ltr'><strong>supra</strong></span> <span class='ocrx_word' id='word_1_24' title='bbox 492 783 645 848; x_wconf 88' lang='lat' dir='ltr'><strong>laudatus</strong></span> <span class='ocrx_word' id='word_1_25' title='bbox 671 787 749 849; x_wconf 88' lang='lat' dir='ltr'><strong>satis</strong></span> <span class='ocrx_word' id='word_1_26' title='bbox 772 786 868 851; x_wconf 90' lang='lat' dir='ltr'><strong>docet</strong></span> <span class='ocrx_word' id='word_1_27' title='bbox 890 803 1057 868; x_wconf 85' lang='lat' dir='ltr'><strong>quemque</strong></span> <span class='ocrx_word' id='word_1_28' title='bbox 1079 787 1179 850; x_wconf 88' lang='lat' dir='ltr'><strong>ctiam</strong></span> <span class='ocrx_word' id='word_1_29' title='bbox 1202 787 1323 851; x_wconf 87' lang='lat' dir='ltr'><strong>codicis</strong></span> 
     </span>
     <span class='ocr_line' id='line_1_5' title="bbox 80 883 1324 974; baseline 0 -20"><span class='ocrx_word' id='word_1_30' title='bbox 80 883 110 958; x_wconf 86' lang='lat' dir='ltr'>C</span> <span class='ocrx_word' id='word_1_31' title='bbox 141 889 369 972; x_wconf 72' lang='lat' dir='ltr'><strong>apographum</strong></span> <span class='ocrx_word' id='word_1_32' title='bbox 397 906 469 952; x_wconf 90' lang='lat' dir='ltr'><strong>esse</strong></span> <span class='ocrx_word' id='word_1_33' title='bbox 503 887 727 952; x_wconf 88' lang='lat' dir='ltr'><strong>demonstravi</strong></span> <span class='ocrx_word' id='word_1_34' title='bbox 757 891 803 972; x_wconf 89' lang='lat' dir='ltr'><strong>(p.</strong></span> <span class='ocrx_word' id='word_1_35' title='bbox 825 891 892 970; x_wconf 81' lang='grc'><strong>33),</strong></span> <span class='ocrx_word' id='word_1_36' title='bbox 922 907 987 953; x_wconf 90' lang='lat' dir='ltr'><strong>non</strong></span> <span class='ocrx_word' id='word_1_37' title='bbox 1016 907 1117 953; x_wconf 88' lang='lat' dir='ltr'><strong>verae</strong></span> <span class='ocrx_word' id='word_1_38' title='bbox 1142 891 1324 974; x_wconf 78' lang='lat' dir='ltr'><strong>scripturae</strong></span> 
     </span>
     <span class='ocr_line' id='line_1_6' title="bbox 80 991 1324 1077; baseline 0.002 -21"><span class='ocrx_word' id='word_1_39' title='bbox 80 995 267 1076; x_wconf 85' lang='lat' dir='ltr'><strong>vestigium,</strong></span> <span class='ocrx_word' id='word_1_40' title='bbox 297 991 355 1056; x_wconf 89' lang='lat' dir='ltr'><strong>sed</strong></span> <span class='ocrx_word' id='word_1_41' title='bbox 382 993 523 1056; x_wconf 89' lang='lat' dir='ltr'><strong>bominis</strong></span> <span class='ocrx_word' id='word_1_42' title='bbox 546 993 685 1056; x_wconf 81' lang='lat' dir='ltr'><strong>alicuius</strong></span> <span class='ocrx_word' id='word_1_43' title='bbox 708 991 795 1055; x_wconf 88' lang='lat' dir='ltr'><strong>docti</strong></span> <span class='ocrx_word' id='word_1_44' title='bbox 818 995 1004 1058; x_wconf 88' lang='lat' dir='ltr'><strong>coniectura</strong></span> <span class='ocrx_word' id='word_1_45' title='bbox 1027 997 1135 1057; x_wconf 87' lang='lat' dir='ltr'><strong>exstat</strong></span> <span class='ocrx_word' id='word_1_46' title='bbox 1157 995 1324 1077; x_wconf 84' lang='lat' dir='ltr'><strong>exipsius</strong></span> 
     </span>
     <span class='ocr_line' id='line_1_7' title="bbox 79 1095 1324 1176; baseline 0 -16"><span class='ocrx_word' id='word_1_47' title='bbox 79 1099 144 1162; x_wconf 88' lang='lat' dir='ltr'><strong>loci</strong></span> <span class='ocrx_word' id='word_1_48' title='bbox 158 1097 320 1160; x_wconf 87' lang='lat' dir='ltr'><strong>sententia</strong></span> <span class='ocrx_word' id='word_1_49' title='bbox 335 1096 429 1159; x_wconf 84' lang='lat' dir='ltr'><strong>faeta</strong></span> <span class='ocrx_word' id='word_1_50' title='bbox 472 1095 524 1158; x_wconf 81' lang='lat' dir='ltr'><strong>Ex</strong></span> <span class='ocrx_word' id='word_1_51' title='bbox 542 1095 617 1158; x_wconf 89' lang='lat' dir='ltr'><strong>aliis</strong></span> <span class='ocrx_word' id='word_1_52' title='bbox 639 1100 811 1176; x_wconf 87' lang='lat' dir='ltr'><strong>praeterea</strong></span> <span class='ocrx_word' id='word_1_53' title='bbox 833 1098 913 1162; x_wconf 91' lang='lat' dir='ltr'><strong>locis</strong></span> <span class='ocrx_word' id='word_1_54' title='bbox 934 1115 998 1160; x_wconf 91' lang='lat' dir='ltr'><strong>non</strong></span> <span class='ocrx_word' id='word_1_55' title='bbox 1013 1098 1187 1162; x_wconf 80' lang='lat' dir='ltr'><strong>recessisse</strong></span> <span class='ocrx_word' id='word_1_56' title='bbox 1202 1095 1324 1163; x_wconf 88' lang='lat' dir='ltr'><strong>Odaxii</strong></span> 
     </span>
     <span class='ocr_line' id='line_1_8' title="bbox 80 1198 1137 1282; baseline 0.002 -18"><span class='ocrx_word' id='word_1_57' title='bbox 80 1199 256 1282; x_wconf 84' lang='lat' dir='ltr'><strong>exemplar</strong></span> <span class='ocrx_word' id='word_1_58' title='bbox 278 1217 298 1262; x_wconf 88' lang='lat' dir='ltr'><strong>a</strong></span> <span class='ocrx_word' id='word_1_59' title='bbox 321 1199 455 1280; x_wconf 84' lang='lat' dir='ltr'><strong>reliquis</strong></span> <span class='ocrx_word' id='word_1_60' title='bbox 478 1198 612 1262; x_wconf 89' lang='lat' dir='ltr'><strong>secundi</strong></span> <span class='ocrx_word' id='word_1_61' title='bbox 635 1201 763 1279; x_wconf 84' lang='lat' dir='ltr'><strong>generis</strong></span> <span class='ocrx_word' id='word_1_62' title='bbox 787 1201 953 1266; x_wconf 81' lang='lat' dir='ltr'><strong>codicibus</strong></span> <span class='ocrx_word' id='word_1_63' title='bbox 977 1205 1137 1282; x_wconf 70' lang='lat' dir='ltr'><strong>appareti</strong></span> 
     </span>
    </p>
   </div>
   <div class='ocr_carea' id='block_1_3' title="bbox 220 1349 1039 1426">
    <p class='ocr_par' dir='ltr' id='par_1_3' title="bbox 220 1349 1039 1426">
     <span class='ocr_line' id='line_1_9' title="bbox 220 1349 1039 1426; baseline 0.002 -2"><span class='ocrx_word' id='word_1_64' title='bbox 220 1349 535 1424; x_wconf 71' lang='lat' dir='ltr'>VIAERDWPOK</span> <span class='ocrx_word' id='word_1_65' title='bbox 1011 1354 1039 1426; x_wconf 92' lang='lat'>0</span> 
     </span>
    </p>
   </div>
   <div class='ocr_carea' id='block_1_4' title="bbox 79 1458 1323 1964">
    <p class='ocr_par' dir='ltr' id='par_1_4' title="bbox 79 1458 1323 1855">
     <span class='ocr_line' id='line_1_10' title="bbox 79 1458 1323 1547; baseline 0.001 -25"><span class='ocrx_word' id='word_1_66' title='bbox 79 1459 161 1524; x_wconf 86' lang='lat' dir='ltr'><strong>XIV</strong></span> <span class='ocrx_word' id='word_1_67' title='bbox 193 1459 214 1522; x_wconf 89' lang='grc'><strong>3</strong></span> <span class='ocrx_word' id='word_1_68' title='bbox 249 1458 305 1546; x_wconf 75' lang='lat' dir='ltr'><strong>nai</strong></span> <span class='ocrx_word' id='word_1_69' title='bbox 336 1458 431 1522; x_wconf 79' lang='grc' dir='ltr'>πίωσι</span> <span class='ocrx_word' id='word_1_70' title='bbox 464 1463 520 1544; x_wconf 83' lang='grc' dir='ltr'><strong>τὴν</strong></span> <span class='ocrx_word' id='word_1_71' title='bbox 556 1459 676 1524; x_wconf 79' lang='grc' dir='ltr'><strong>τούτων</strong></span> <span class='ocrx_word' id='word_1_72' title='bbox 729 1469 757 1526; x_wconf 92' lang='lat' dir='ltr'><strong>et</strong></span> <span class='ocrx_word' id='word_1_73' title='bbox 782 1465 1009 1547; x_wconf 70' lang='lat' dir='ltr'><strong>preparatam</strong></span> <span class='ocrx_word' id='word_1_74' title='bbox 1041 1482 1148 1529; x_wconf 86' lang='lat' dir='ltr'><strong>earam</strong></span> <span class='ocrx_word' id='word_1_75' title='bbox 1178 1462 1241 1526; x_wconf 84' lang='lat' dir='ltr'><strong>nim</strong></span> <span class='ocrx_word' id='word_1_76' title='bbox 1266 1460 1323 1524; x_wconf 89' lang='lat' dir='ltr'><strong>ad-</strong></span> 
     </span>
     <span class='ocr_line' id='line_1_11' title="bbox 123 1561 1323 1651; baseline 0 -25"><span class='ocrx_word' id='word_1_77' title='bbox 123 1561 325 1648; x_wconf 74' lang='lat' dir='ltr'><strong>nadaprtnip</strong></span> <span class='ocrx_word' id='word_1_78' title='bbox 349 1563 479 1649; x_wconf 80' lang='grc' dir='ltr'>δύναμιν</span> <span class='ocrx_word' id='word_1_79' title='bbox 502 1563 558 1627; x_wconf 74' lang='grc' dir='ltr'><strong>καὶ</strong></span> <span class='ocrx_word' id='word_1_80' title='bbox 580 1563 675 1651; x_wconf 68' lang='lat' dir='ltr'><strong>indei-</strong></span> <span class='ocrx_word' id='word_1_81' title='bbox 772 1568 914 1632; x_wconf 75' lang='lat' dir='ltr'><strong>irriserint</strong></span> <span class='ocrx_word' id='word_1_82' title='bbox 944 1575 973 1633; x_wconf 89' lang='lat' dir='ltr'><strong>et</strong></span> <span class='ocrx_word' id='word_1_83' title='bbox 998 1567 1223 1645; x_wconf 71' lang='lat' dir='ltr'><strong>meinamma,</strong></span> <span class='ocrx_word' id='word_1_84' title='bbox 1256 1566 1323 1649; x_wconf 82' lang='lat' dir='ltr'><strong>qni-</strong></span> 
     </span>
     <span class='ocr_line' id='line_1_12' title="bbox 123 1666 1323 1756; baseline 0.003 -26"><span class='ocrx_word' id='word_1_85' title='bbox 123 1666 204 1731; x_wconf 82' lang='grc' dir='ltr'>λωσι</span> <span class='ocrx_word' id='word_1_86' title='bbox 239 1670 279 1732; x_wconf 82' lang='grc' dir='ltr'><strong>τὰ</strong></span> <span class='ocrx_word' id='word_1_87' title='bbox 308 1670 398 1733; x_wconf 81' lang='grc' dir='ltr'>κακὰ</span> <span class='ocrx_word' id='word_1_88' title='bbox 431 1667 529 1733; x_wconf 71' lang='grc' dir='ltr'>πάνθ’</span> <span class='ocrx_word' id='word_1_89' title='bbox 557 1671 618 1734; x_wconf 80' lang='grc' dir='ltr'><strong>ὅσα</strong></span> <span class='ocrx_word' id='word_1_90' title='bbox 647 1669 676 1732; x_wconf 80' lang='grc' dir='ltr'><strong>ἒ·</strong></span> <span class='ocrx_word' id='word_1_91' title='bbox 773 1669 828 1734; x_wconf 84' lang='lat' dir='ltr'><strong>dns</strong></span> <span class='ocrx_word' id='word_1_92' title='bbox 871 1672 1093 1753; x_wconf 81' lang='lat' dir='ltr'><strong>involvuntur,</strong></span> <span class='ocrx_word' id='word_1_93' title='bbox 1143 1707 1184 1716; x_wconf 95' lang='lat'><em>-</em></span> <span class='ocrx_word' id='word_1_94' title='bbox 1220 1691 1323 1756; x_wconf 80' lang='lat' dir='ltr'><strong>seque-</strong></span> 
     </span>
     <span class='ocr_line' id='line_1_13' title="bbox 123 1777 943 1855; baseline 0.006 -22"><span class='ocrx_word' id='word_1_95' title='bbox 123 1791 220 1855; x_wconf 82' lang='grc' dir='ltr'>χουσι</span> <span class='ocrx_word' id='word_1_96' title='bbox 772 1777 943 1839; x_wconf 78' lang='lat' dir='ltr'><strong>straverint</strong></span> 
     </span>
    </p>

    <p class='ocr_par' dir='ltr' id='par_1_5' title="bbox 79 1875 1124 1964">
     <span class='ocr_line' id='line_1_14' title="bbox 79 1875 1124 1964; baseline 0.007 -27"><span class='ocrx_word' id='word_1_97' title='bbox 79 1875 199 1938; x_wconf 84' lang='lat' dir='ltr'>XXXI</span> <span class='ocrx_word' id='word_1_98' title='bbox 232 1879 249 1938; x_wconf 89' lang='lat'>1</span> <span class='ocrx_word' id='word_1_99' title='bbox 291 1877 338 1939; x_wconf 81' lang='grc' dir='ltr'><strong>ὅτι</strong></span> <span class='ocrx_word' id='word_1_100' title='bbox 384 1878 422 1940; x_wconf 79' lang='grc' dir='ltr'><strong>ἂν</strong></span> <span class='ocrx_word' id='word_1_101' title='bbox 463 1875 538 1960; x_wconf 87' lang='grc' dir='ltr'>παρ’</span> <span class='ocrx_word' id='word_1_102' title='bbox 578 1876 676 1960; x_wconf 79' lang='grc' dir='ltr'>αὐτῆς</span> <span class='ocrx_word' id='word_1_103' title='bbox 730 1877 812 1960; x_wconf 85' lang='lat' dir='ltr'><strong>qnod</strong></span> <span class='ocrx_word' id='word_1_104' title='bbox 834 1878 872 1940; x_wconf 87' lang='lat' dir='ltr'><strong>ab</strong></span> <span class='ocrx_word' id='word_1_105' title='bbox 896 1899 932 1942; x_wconf 91' lang='lat' dir='ltr'><strong>ea</strong></span> <span class='ocrx_word' id='word_1_106' title='bbox 954 1881 1124 1964; x_wconf 82' lang='lat' dir='ltr'><strong>susceperit</strong></span> 
     </span>
    </p>
   </div>
   <div class='ocr_carea' id='block_1_5' title="bbox 123 1976 207 2066">
    <p class='ocr_par' dir='ltr' id='par_1_6' title="bbox 123 1976 207 2066">
     <span class='ocr_line' id='line_1_15' title="bbox 123 1976 207 2066; baseline 0.012 -25"><span class='ocrx_word' id='word_1_107' title='bbox 123 1976 207 2066; x_wconf 78' lang='grc' dir='ltr'><strong>λάβη</strong></span> 
     </span>
    </p>
   </div>
   <div class='ocr_carea' id='block_1_6' title="bbox 80 2113 1323 2522">
    <p class='ocr_par' dir='ltr' id='par_1_7' title="bbox 80 2113 1323 2522">
     <span class='ocr_line' id='line_1_16' title="bbox 184 2113 1322 2209; baseline 0.006 -27"><span class='ocrx_word' id='word_1_108' title='bbox 184 2116 358 2183; x_wconf 83' lang='lat' dir='ltr'><strong>Codicibus</strong></span> <span class='ocrx_word' id='word_1_109' title='bbox 380 2113 693 2188; x_wconf 72' lang='lat' dir='ltr'>BRDWPCKEF</span> <span class='ocrx_word' id='word_1_110' title='bbox 716 2125 827 2184; x_wconf 88' lang='lat' dir='ltr'><strong>autem</strong></span> <span class='ocrx_word' id='word_1_111' title='bbox 843 2122 1031 2202; x_wconf 85' lang='lat' dir='ltr'><strong>propiorem</strong></span> <span class='ocrx_word' id='word_1_112' title='bbox 1054 2125 1154 2187; x_wconf 86' lang='lat' dir='ltr'><strong>tuisse</strong></span> <span class='ocrx_word' id='word_1_113' title='bbox 1176 2121 1322 2209; x_wconf 85' lang='lat' dir='ltr'><strong>Oquam</strong></span> 
     </span>
     <span class='ocr_line' id='line_1_17' title="bbox 81 2217 1323 2311; baseline 0.004 -21"><span class='ocrx_word' id='word_1_114' title='bbox 81 2217 145 2290; x_wconf 78' lang='lat' dir='ltr'><strong>VI</strong></span> <span class='ocrx_word' id='word_1_115' title='bbox 181 2223 438 2286; x_wconf 89' lang='lat' dir='ltr'><strong>luculentissime</strong></span> <span class='ocrx_word' id='word_1_116' title='bbox 471 2223 568 2288; x_wconf 85' lang='lat' dir='ltr'><strong>docet</strong></span> <span class='ocrx_word' id='word_1_117' title='bbox 600 2243 658 2289; x_wconf 91' lang='lat' dir='ltr'><strong>nos</strong></span> <span class='ocrx_word' id='word_1_118' title='bbox 696 2227 787 2288; x_wconf 89' lang='lat' dir='ltr'><strong>Iocus</strong></span> <span class='ocrx_word' id='word_1_119' title='bbox 822 2244 841 2288; x_wconf 89' lang='lat' dir='ltr'><strong>e</strong></span> <span class='ocrx_word' id='word_1_120' title='bbox 872 2245 899 2288; x_wconf 85' lang='lat' dir='ltr'><strong>c.</strong></span> <span class='ocrx_word' id='word_1_121' title='bbox 927 2225 1058 2291; x_wconf 85' lang='lat' dir='ltr'>XXVII</span> <span class='ocrx_word' id='word_1_122' title='bbox 1086 2230 1102 2290; x_wconf 92' lang='lat'>1</span> <span class='ocrx_word' id='word_1_123' title='bbox 1132 2231 1323 2311; x_wconf 87' lang='lat' dir='ltr'><strong>saepissime</strong></span> 
     </span>
     <span class='ocr_line' id='line_1_18' title="bbox 80 2326 1321 2412; baseline 0.007 -23"><span class='ocrx_word' id='word_1_124' title='bbox 80 2346 101 2389; x_wconf 90' lang='lat' dir='ltr'><strong>a</strong></span> <span class='ocrx_word' id='word_1_125' title='bbox 122 2345 176 2390; x_wconf 91' lang='lat' dir='ltr'><strong>me</strong></span> <span class='ocrx_word' id='word_1_126' title='bbox 200 2326 362 2404; x_wconf 84' lang='lat' dir='ltr'><strong>laudatus,</strong></span> <span class='ocrx_word' id='word_1_127' title='bbox 393 2345 458 2409; x_wconf 91' lang='lat' dir='ltr'><strong>quo</strong></span> <span class='ocrx_word' id='word_1_128' title='bbox 489 2329 652 2392; x_wconf 86' lang='lat' dir='ltr'><strong>voeabula</strong></span> <span class='ocrx_word' id='word_1_129' title='bbox 675 2327 705 2391; x_wconf 81' lang='grc' dir='ltr'><strong>οἱ</strong></span> <span class='ocrx_word' id='word_1_130' title='bbox 736 2327 792 2412; x_wconf 83' lang='grc' dir='ltr'><strong>μὲν</strong></span> <span class='ocrx_word' id='word_1_131' title='bbox 822 2326 1062 2412; x_wconf 66' lang='grc' dir='ltr'>ἀπεγνωσμένα</span> <span class='ocrx_word' id='word_1_132' title='bbox 1092 2331 1193 2396; x_wconf 86' lang='lat' dir='ltr'><strong>latine</strong></span> <span class='ocrx_word' id='word_1_133' title='bbox 1222 2336 1321 2398; x_wconf 87' lang='lat' dir='ltr'><strong>vertit</strong></span> 
     </span>
     <span class='ocr_line' id='line_1_19' title="bbox 82 2429 1323 2522; baseline 0.006 -27"><span class='ocrx_word' id='word_1_134' title='bbox 82 2429 233 2495; x_wconf 85' lang='lat' dir='ltr'><strong>Odaxius</strong></span> <span class='ocrx_word' id='word_1_135' title='bbox 255 2432 319 2494; x_wconf 84' lang='lat' dir='ltr'><strong>ita:</strong></span> <span class='ocrx_word' id='word_1_136' title='bbox 353 2431 413 2494; x_wconf 81' lang='lat' dir='ltr'><strong>alii</strong></span> <span class='ocrx_word' id='word_1_137' title='bbox 441 2433 620 2495; x_wconf 78' lang='lat' dir='ltr'><strong>incarcerati</strong></span> <span class='ocrx_word' id='word_1_138' title='bbox 652 2432 868 2517; x_wconf 84' lang='lat' dir='ltr'><strong>desperatione</strong></span> <span class='ocrx_word' id='word_1_139' title='bbox 901 2452 1008 2495; x_wconf 86' lang='lat' dir='ltr'><strong>rerarn</strong></span> <span class='ocrx_word' id='word_1_140' title='bbox 1038 2432 1130 2498; x_wconf 84' lang='lat' dir='ltr'><strong>tibias</strong></span> <span class='ocrx_word' id='word_1_141' title='bbox 1160 2444 1189 2500; x_wconf 90' lang='lat' dir='ltr'><strong>et</strong></span> <span class='ocrx_word' id='word_1_142' title='bbox 1216 2440 1323 2522; x_wconf 79' lang='lat' dir='ltr'><strong>capita</strong></span> 
     </span>
    </p>
   </div>
   <div class='ocr_carea' id='block_1_7' title="bbox 80 2523 1324 4056">
    <p class='ocr_par' dir='ltr' id='par_1_8' title="bbox 80 2523 1324 4056">
     <span class='ocr_line' id='line_1_20' title="bbox 81 2523 1323 2624; baseline 0.006 -28"><span class='ocrx_word' id='word_1_143' title='bbox 81 2534 224 2600; x_wconf 66' lang='lat' dir='ltr'><strong>lacerae</strong></span> <span class='ocrx_word' id='word_1_144' title='bbox 237 2533 399 2618; x_wconf 80' lang='lat' dir='ltr'><strong>uidentnr3</strong></span> <span class='ocrx_word' id='word_1_145' title='bbox 423 2535 505 2598; x_wconf 85' lang='lat' dir='ltr'><strong>haec</strong></span> <span class='ocrx_word' id='word_1_146' title='bbox 521 2536 683 2599; x_wconf 88' lang='lat' dir='ltr'><strong>vocabula</strong></span> <span class='ocrx_word' id='word_1_147' title='bbox 695 2540 807 2599; x_wconf 86' lang='lat' dir='ltr'><strong>autem</strong></span> <span class='ocrx_word' id='word_1_148' title='bbox 821 2536 991 2620; x_wconf 80' lang='lat' dir='ltr'><strong>exstitisse,</strong></span> <span class='ocrx_word' id='word_1_149' title='bbox 1006 2554 1070 2600; x_wconf 90' lang='lat' dir='ltr'><strong>uon</strong></span> <span class='ocrx_word' id='word_1_150' title='bbox 1084 2523 1323 2624; x_wconf 68' lang='grc' dir='ltr'>ἀπεγνωσμένα</span> 
     </span>
     <span class='ocr_line' id='line_1_21' title="bbox 80 2640 1322 2722; baseline 0.006 -23"><span class='ocrx_word' id='word_1_151' title='bbox 80 2656 131 2720; x_wconf 83' lang='grc' dir='ltr'><strong>τε,</strong></span> <span class='ocrx_word' id='word_1_152' title='bbox 170 2657 247 2701; x_wconf 90' lang='lat' dir='ltr'><strong>cum</strong></span> <span class='ocrx_word' id='word_1_153' title='bbox 279 2640 356 2722; x_wconf 90' lang='lat' dir='ltr'><strong>ipsis</strong></span> <span class='ocrx_word' id='word_1_154' title='bbox 393 2640 503 2703; x_wconf 87' lang='lat' dir='ltr'><strong>verbis</strong></span> <span class='ocrx_word' id='word_1_155' title='bbox 547 2643 616 2701; x_wconf 89' lang='lat' dir='ltr'><strong>tum</strong></span> <span class='ocrx_word' id='word_1_156' title='bbox 655 2658 695 2703; x_wconf 87' lang='lat' dir='ltr'><strong>eo</strong></span> <span class='ocrx_word' id='word_1_157' title='bbox 740 2640 913 2722; x_wconf 87' lang='lat' dir='ltr'><strong>probatur,</strong></span> <span class='ocrx_word' id='word_1_158' title='bbox 966 2640 1054 2722; x_wconf 92' lang='lat' dir='ltr'><strong>quod</strong></span> <span class='ocrx_word' id='word_1_159' title='bbox 1090 2659 1170 2705; x_wconf 85' lang='lat' dir='ltr'><strong>mox</strong></span> <span class='ocrx_word' id='word_1_160' title='bbox 1207 2644 1322 2709; x_wconf 88' lang='lat' dir='ltr'><strong>eadem</strong></span> 
     </span>
     <span class='ocr_line' id='line_1_22' title="bbox 80 2741 1323 2830; baseline 0.007 -27"><span class='ocrx_word' id='word_1_161' title='bbox 80 2741 245 2805; x_wconf 82' lang='lat' dir='ltr'><strong>vocabula</strong></span> <span class='ocrx_word' id='word_1_162' title='bbox 259 2741 376 2806; x_wconf 89' lang='lat' dir='ltr'><strong>iisdem</strong></span> <span class='ocrx_word' id='word_1_163' title='bbox 399 2741 506 2806; x_wconf 85' lang='lat' dir='ltr'><strong>reddit</strong></span> <span class='ocrx_word' id='word_1_164' title='bbox 528 2741 715 2808; x_wconf 76' lang='lat' dir='ltr'><strong>vocabulis:</strong></span> <span class='ocrx_word' id='word_1_165' title='bbox 738 2746 916 2827; x_wconf 82' lang='lat' dir='ltr'><strong>iacoronati</strong></span> <span class='ocrx_word' id='word_1_166' title='bbox 939 2765 1009 2808; x_wconf 87' lang='lat' dir='ltr'><strong>aera</strong></span> <span class='ocrx_word' id='word_1_167' title='bbox 1032 2745 1091 2808; x_wconf 87' lang='lat' dir='ltr'><strong>atii</strong></span> <span class='ocrx_word' id='word_1_168' title='bbox 1105 2745 1323 2830; x_wconf 79' lang='lat' dir='ltr'><strong>desperatione</strong></span> 
     </span>
     <span class='ocr_line' id='line_1_23' title="bbox 81 2842 1323 2930; baseline 0.006 -24"><span class='ocrx_word' id='word_1_169' title='bbox 81 2844 290 2928; x_wconf 84' lang='lat' dir='ltr'><strong>adisciplina</strong></span> <span class='ocrx_word' id='word_1_170' title='bbox 307 2853 514 2910; x_wconf 80' lang='lat' dir='ltr'><strong>revertantur.</strong></span> <span class='ocrx_word' id='word_1_171' title='bbox 560 2846 672 2930; x_wconf 75' lang='lat' dir='ltr'><strong>Quare</strong></span> <span class='ocrx_word' id='word_1_172' title='bbox 694 2848 861 2912; x_wconf 89' lang='lat' dir='ltr'><strong>codicibus</strong></span> <span class='ocrx_word' id='word_1_173' title='bbox 875 2842 976 2917; x_wconf 81' lang='lat' dir='ltr'><strong>POK</strong></span> <span class='ocrx_word' id='word_1_174' title='bbox 995 2849 1095 2912; x_wconf 83' lang='lat' dir='ltr'><strong>fuisse</strong></span> <span class='ocrx_word' id='word_1_175' title='bbox 1117 2850 1323 2914; x_wconf 90' lang='lat' dir='ltr'><strong>simillimum</strong></span> 
     </span>
     <span class='ocr_line' id='line_1_24' title="bbox 81 2943 1323 3034; baseline 0.002 -19"><span class='ocrx_word' id='word_1_176' title='bbox 81 2943 110 3015; x_wconf 90' lang='lat'>0</span> <span class='ocrx_word' id='word_1_177' title='bbox 133 2969 152 3013; x_wconf 91' lang='lat' dir='ltr'><strong>e</strong></span> <span class='ocrx_word' id='word_1_178' title='bbox 174 2948 244 3012; x_wconf 88' lang='lat' dir='ltr'><strong>solo</strong></span> <span class='ocrx_word' id='word_1_179' title='bbox 274 2949 337 3012; x_wconf 90' lang='lat' dir='ltr'><strong>hoo</strong></span> <span class='ocrx_word' id='word_1_180' title='bbox 364 2949 436 3014; x_wconf 93' lang='lat' dir='ltr'><strong>loco</strong></span> <span class='ocrx_word' id='word_1_181' title='bbox 463 2951 567 3032; x_wconf 88' lang='lat' dir='ltr'><strong>possis</strong></span> <span class='ocrx_word' id='word_1_182' title='bbox 597 2949 772 3034; x_wconf 84' lang='lat' dir='ltr'><strong>suspicari3</strong></span> <span class='ocrx_word' id='word_1_183' title='bbox 805 2951 863 3016; x_wconf 90' lang='lat' dir='ltr'><strong>sed</strong></span> <span class='ocrx_word' id='word_1_184' title='bbox 886 2953 998 3015; x_wconf 81' lang='lat' dir='ltr'><strong>multis</strong></span> <span class='ocrx_word' id='word_1_185' title='bbox 1021 2955 1122 3017; x_wconf 89' lang='lat' dir='ltr'><strong>etiam</strong></span> <span class='ocrx_word' id='word_1_186' title='bbox 1150 2955 1223 3018; x_wconf 88' lang='lat' dir='ltr'><strong>aliis</strong></span> <span class='ocrx_word' id='word_1_187' title='bbox 1246 2955 1323 3018; x_wconf 89' lang='lat' dir='ltr'><strong>licet</strong></span> 
     </span>
     <span class='ocr_line' id='line_1_25' title="bbox 81 3049 1322 3140; baseline 0.004 -25"><span class='ocrx_word' id='word_1_188' title='bbox 81 3051 306 3116; x_wconf 88' lang='lat' dir='ltr'><strong>demonstrare</strong></span> <span class='ocrx_word' id='word_1_189' title='bbox 328 3053 475 3115; x_wconf 85' lang='lat' dir='ltr'><strong>maxime</strong></span> <span class='ocrx_word' id='word_1_190' title='bbox 497 3071 679 3134; x_wconf 83' lang='lat' dir='ltr'><strong>congruere</strong></span> <span class='ocrx_word' id='word_1_191' title='bbox 702 3074 776 3118; x_wconf 87' lang='lat' dir='ltr'><strong>eum</strong></span> <span class='ocrx_word' id='word_1_192' title='bbox 795 3049 825 3124; x_wconf 82' lang='lat' dir='ltr'><strong>G</strong></span> <span class='ocrx_word' id='word_1_193' title='bbox 847 3056 949 3119; x_wconf 87' lang='lat' dir='ltr'><strong>latina</strong></span> <span class='ocrx_word' id='word_1_194' title='bbox 966 3055 1088 3120; x_wconf 88' lang='lat' dir='ltr'><strong>Odaxii</strong></span> <span class='ocrx_word' id='word_1_195' title='bbox 1111 3059 1229 3137; x_wconf 81' lang='lat' dir='ltr'><strong>verba3</strong></span> <span class='ocrx_word' id='word_1_196' title='bbox 1252 3060 1322 3140; x_wconf 92' lang='lat' dir='ltr'><strong>qui·</strong></span> 
     </span>
     <span class='ocr_line' id='line_1_26' title="bbox 82 3155 1320 3246; baseline 0.006 -28"><span class='ocrx_word' id='word_1_197' title='bbox 82 3155 219 3219; x_wconf 88' lang='lat' dir='ltr'><strong>boscum</strong></span> <span class='ocrx_word' id='word_1_198' title='bbox 241 3157 269 3218; x_wconf 91' lang='lat' dir='ltr'><strong>si</strong></span> <span class='ocrx_word' id='word_1_199' title='bbox 292 3173 347 3219; x_wconf 89' lang='lat' dir='ltr'><strong>eos</strong></span> <span class='ocrx_word' id='word_1_200' title='bbox 369 3159 629 3241; x_wconf 84' lang='lat' dir='ltr'><strong>comparaveris,</strong></span> <span class='ocrx_word' id='word_1_201' title='bbox 652 3161 711 3241; x_wconf 91' lang='lat' dir='ltr'><strong>qui</strong></span> <span class='ocrx_word' id='word_1_202' title='bbox 734 3159 902 3244; x_wconf 76' lang='lat' dir='ltr'><strong>differunt,</strong></span> <span class='ocrx_word' id='word_1_203' title='bbox 924 3162 1043 3242; x_wconf 84' lang='lat' dir='ltr'><strong>partim</strong></span> <span class='ocrx_word' id='word_1_204' title='bbox 1070 3181 1113 3226; x_wconf 86' lang='lat' dir='ltr'><strong>ex</strong></span> <span class='ocrx_word' id='word_1_205' title='bbox 1135 3163 1320 3246; x_wconf 86' lang='lat' dir='ltr'><strong>interpretis</strong></span> 
     </span>
     <span class='ocr_line' id='line_1_27' title="bbox 81 3260 1324 3348; baseline 0.006 -26"><span class='ocrx_word' id='word_1_206' title='bbox 81 3260 268 3323; x_wconf 86' lang='lat' dir='ltr'><strong>coniectura</strong></span> <span class='ocrx_word' id='word_1_207' title='bbox 311 3261 364 3323; x_wconf 85' lang='lat' dir='ltr'><strong>vel</strong></span> <span class='ocrx_word' id='word_1_208' title='bbox 404 3261 537 3324; x_wconf 84' lang='lat' dir='ltr'><strong>licentia</strong></span> <span class='ocrx_word' id='word_1_209' title='bbox 577 3297 619 3308; x_wconf 81' lang='grc'><strong>-</strong></span> <span class='ocrx_word' id='word_1_210' title='bbox 660 3263 749 3345; x_wconf 93' lang='lat' dir='ltr'><strong>quod</strong></span> <span class='ocrx_word' id='word_1_211' title='bbox 788 3265 877 3331; x_wconf 91' lang='lat' dir='ltr'><strong>euim</strong></span> <span class='ocrx_word' id='word_1_212' title='bbox 920 3266 962 3328; x_wconf 87' lang='lat' dir='ltr'><strong>da</strong></span> <span class='ocrx_word' id='word_1_213' title='bbox 1005 3266 1096 3348; x_wconf 89' lang='lat' dir='ltr'><strong>Lapo</strong></span> <span class='ocrx_word' id='word_1_214' title='bbox 1138 3267 1195 3330; x_wconf 91' lang='lat' dir='ltr'><strong>illo</strong></span> <span class='ocrx_word' id='word_1_215' title='bbox 1241 3266 1324 3330; x_wconf 88' lang='lat' dir='ltr'><strong>dixit</strong></span> 
     </span>
     <span class='ocr_line' id='line_1_28' title="bbox 83 3363 1322 3452; baseline 0.006 -26"><span class='ocrx_word' id='word_1_216' title='bbox 83 3364 134 3428; x_wconf 87' lang='lat' dir='ltr'><strong>Fr.</strong></span> <span class='ocrx_word' id='word_1_217' title='bbox 146 3363 302 3443; x_wconf 85' lang='lat' dir='ltr'><strong>Ritscbl&#39;)</strong></span> <span class='ocrx_word' id='word_1_218' title='bbox 317 3363 407 3429; x_wconf 89' lang='lat' dir='ltr'><strong>moda</strong></span> <span class='ocrx_word' id='word_1_219' title='bbox 420 3365 504 3429; x_wconf 86' lang='lat' dir='ltr'><strong>enim</strong></span> <span class='ocrx_word' id='word_1_220' title='bbox 515 3365 747 3450; x_wconf 78' lang='lat' dir='ltr'><strong>redipiosissr&#39;rne</strong></span> <span class='ocrx_word' id='word_1_221' title='bbox 761 3388 831 3431; x_wconf 87' lang='lat' dir='ltr'><strong>eum</strong></span> <span class='ocrx_word' id='word_1_222' title='bbox 841 3389 1028 3452; x_wconf 72' lang='lat' dir='ltr'><strong>praecorum</strong></span> <span class='ocrx_word' id='word_1_223' title='bbox 1035 3368 1135 3452; x_wconf 83' lang='lat' dir='ltr'><strong>fidem</strong></span> <span class='ocrx_word' id='word_1_224' title='bbox 1147 3378 1322 3436; x_wconf 84' lang='lat' dir='ltr'><strong>seruantem</strong></span> 
     </span>
     <span class='ocr_line' id='line_1_29' title="bbox 81 3467 1324 3553; baseline 0.006 -23"><span class='ocrx_word' id='word_1_225' title='bbox 81 3470 229 3552; x_wconf 82' lang='lat' dir='ltr'><strong>reperias,</strong></span> <span class='ocrx_word' id='word_1_226' title='bbox 258 3467 348 3533; x_wconf 76' lang='lat' dir='ltr'><strong>inodo</strong></span> <span class='ocrx_word' id='word_1_227' title='bbox 374 3467 413 3532; x_wconf 81' lang='lat' dir='ltr'><strong>ab</strong></span> <span class='ocrx_word' id='word_1_228' title='bbox 439 3468 495 3532; x_wconf 84' lang='lat' dir='ltr'><strong>illo</strong></span> <span class='ocrx_word' id='word_1_229' title='bbox 522 3469 659 3553; x_wconf 74' lang='lat' dir='ltr'><strong>exemplo</strong></span> <span class='ocrx_word' id='word_1_230' title='bbox 685 3470 875 3534; x_wconf 81' lang='lat' dir='ltr'><strong>mirabiliter</strong></span> <span class='ocrx_word' id='word_1_231' title='bbox 902 3472 1116 3551; x_wconf 77' lang='lat' dir='ltr'><strong>discedentem,</strong></span> <span class='ocrx_word' id='word_1_232' title='bbox 1140 3475 1222 3538; x_wconf 84' lang='lat' dir='ltr'><strong>idio</strong></span> <span class='ocrx_word' id='word_1_233' title='bbox 1239 3476 1324 3539; x_wconf 69' lang='lat' dir='ltr'><strong>hamc</strong></span> 
     </span>
     <span class='ocr_line' id='line_1_30' title="bbox 82 3572 1324 3661; baseline 0.005 -25"><span class='ocrx_word' id='word_1_234' title='bbox 82 3575 181 3637; x_wconf 85' lang='lat' dir='ltr'><strong>etiam</strong></span> <span class='ocrx_word' id='word_1_235' title='bbox 196 3572 284 3636; x_wconf 87' lang='lat' dir='ltr'><strong>cadit</strong></span> <span class='ocrx_word' id='word_1_236' title='bbox 300 3607 339 3620; x_wconf 97' lang='lat'>-</span> <span class='ocrx_word' id='word_1_237' title='bbox 358 3591 430 3636; x_wconf 89' lang='lat' dir='ltr'><strong>esse</strong></span> <span class='ocrx_word' id='word_1_238' title='bbox 445 3578 552 3636; x_wconf 89' lang='lat' dir='ltr'><strong>ortam</strong></span> <span class='ocrx_word' id='word_1_239' title='bbox 568 3575 750 3654; x_wconf 89' lang='lat' dir='ltr'><strong>scripturae</strong></span> <span class='ocrx_word' id='word_1_240' title='bbox 765 3572 1029 3654; x_wconf 78' lang='lat' dir='ltr'><strong>discrepantiam,</strong></span> <span class='ocrx_word' id='word_1_241' title='bbox 1053 3579 1171 3658; x_wconf 87' lang='lat' dir='ltr'><strong>partim</strong></span> <span class='ocrx_word' id='word_1_242' title='bbox 1191 3585 1324 3661; x_wconf 89' lang='lat' dir='ltr'><strong>propter</strong></span> 
     </span>
     <span class='ocr_line' id='line_1_31' title="bbox 83 3675 1323 3760; baseline 0.007 -21"><span class='ocrx_word' id='word_1_243' title='bbox 83 3677 253 3760; x_wconf 89' lang='lat' dir='ltr'><strong>utriusque</strong></span> <span class='ocrx_word' id='word_1_244' title='bbox 269 3675 403 3758; x_wconf 85' lang='lat' dir='ltr'><strong>linguae</strong></span> <span class='ocrx_word' id='word_1_245' title='bbox 422 3675 647 3740; x_wconf 81' lang='lat' dir='ltr'><strong>diversitatem</strong></span> <span class='ocrx_word' id='word_1_246' title='bbox 672 3679 798 3740; x_wconf 89' lang='lat' dir='ltr'><strong>certum</strong></span> <span class='ocrx_word' id='word_1_247' title='bbox 821 3677 932 3741; x_wconf 87' lang='lat' dir='ltr'><strong>facere</strong></span> <span class='ocrx_word' id='word_1_248' title='bbox 954 3680 1113 3744; x_wconf 91' lang='lat' dir='ltr'><strong>iudicium</strong></span> <span class='ocrx_word' id='word_1_249' title='bbox 1137 3700 1199 3746; x_wconf 90' lang='lat' dir='ltr'><strong>non</strong></span> <span class='ocrx_word' id='word_1_250' title='bbox 1224 3685 1323 3748; x_wconf 88' lang='lat' dir='ltr'><strong>licere</strong></span> 
     </span>
     <span class='ocr_line' id='line_1_32' title="bbox 82 3779 1322 3870; baseline 0.008 -28"><span class='ocrx_word' id='word_1_251' title='bbox 82 3780 177 3843; x_wconf 79' lang='lat' dir='ltr'><strong>facile</strong></span> <span class='ocrx_word' id='word_1_252' title='bbox 200 3781 366 3845; x_wconf 86' lang='lat' dir='ltr'><strong>concedes.</strong></span> <span class='ocrx_word' id='word_1_253' title='bbox 411 3779 507 3866; x_wconf 76' lang='lat' dir='ltr'><strong>Quae</strong></span> <span class='ocrx_word' id='word_1_254' title='bbox 529 3799 583 3846; x_wconf 89' lang='lat' dir='ltr'><strong>res</strong></span> <span class='ocrx_word' id='word_1_255' title='bbox 606 3801 682 3846; x_wconf 89' lang='lat' dir='ltr'><strong>cum</strong></span> <span class='ocrx_word' id='word_1_256' title='bbox 704 3783 751 3846; x_wconf 88' lang='lat' dir='ltr'><strong>ita</strong></span> <span class='ocrx_word' id='word_1_257' title='bbox 772 3800 809 3844; x_wconf 89' lang='lat' dir='ltr'><strong>ae</strong></span> <span class='ocrx_word' id='word_1_258' title='bbox 833 3781 961 3861; x_wconf 86' lang='lat' dir='ltr'><strong>babeat,</strong></span> <span class='ocrx_word' id='word_1_259' title='bbox 992 3803 1055 3848; x_wconf 87' lang='lat' dir='ltr'><strong>nou</strong></span> <span class='ocrx_word' id='word_1_260' title='bbox 1079 3804 1122 3850; x_wconf 85' lang='lat' dir='ltr'><strong>ex</strong></span> <span class='ocrx_word' id='word_1_261' title='bbox 1144 3787 1322 3870; x_wconf 82' lang='lat' dir='ltr'><strong>integriore</strong></span> 
     </span>
     <span class='ocr_line' id='line_1_33' title="bbox 83 3883 1322 3968; baseline 0.007 -22"><span class='ocrx_word' id='word_1_262' title='bbox 83 3883 193 3946; x_wconf 89' lang='lat' dir='ltr'><strong>codice</strong></span> <span class='ocrx_word' id='word_1_263' title='bbox 215 3883 393 3949; x_wconf 87' lang='lat' dir='ltr'><strong>adscivisse</strong></span> <span class='ocrx_word' id='word_1_264' title='bbox 414 3884 497 3949; x_wconf 90' lang='lat' dir='ltr'><strong>illud</strong></span> <span class='ocrx_word' id='word_1_265' title='bbox 518 3887 794 3968; x_wconf 83' lang='lat' dir='ltr'><strong>supplementum,</strong></span> <span class='ocrx_word' id='word_1_266' title='bbox 816 3883 876 3948; x_wconf 87' lang='lat' dir='ltr'><strong>aed</strong></span> <span class='ocrx_word' id='word_1_267' title='bbox 892 3904 936 3950; x_wconf 83' lang='lat' dir='ltr'><strong>ex</strong></span> <span class='ocrx_word' id='word_1_268' title='bbox 950 3905 1011 3950; x_wconf 91' lang='lat' dir='ltr'><strong>sua</strong></span> <span class='ocrx_word' id='word_1_269' title='bbox 1026 3889 1080 3952; x_wconf 85' lang='lat' dir='ltr'><strong>vel</strong></span> <span class='ocrx_word' id='word_1_270' title='bbox 1096 3889 1181 3952; x_wconf 84' lang='lat' dir='ltr'><strong>alius</strong></span> <span class='ocrx_word' id='word_1_271' title='bbox 1197 3892 1322 3956; x_wconf 87' lang='lat' dir='ltr'><strong>ooniac-</strong></span> 
     </span>
     <span class='ocr_line' id='line_1_34' title="bbox 84 3986 845 4056; baseline 0.005 -7"><span class='ocrx_word' id='word_1_272' title='bbox 84 3991 157 4050; x_wconf 89' lang='lat' dir='ltr'><strong>tura</strong></span> <span class='ocrx_word' id='word_1_273' title='bbox 177 3986 343 4054; x_wconf 85' lang='lat' dir='ltr'><strong>addidisse</strong></span> <span class='ocrx_word' id='word_1_274' title='bbox 365 3987 533 4055; x_wconf 84' lang='lat' dir='ltr'><strong>Odaxium</strong></span> <span class='ocrx_word' id='word_1_275' title='bbox 556 3990 765 4056; x_wconf 86' lang='lat' dir='ltr'><strong>statuendum</strong></span> <span class='ocrx_word' id='word_1_276' title='bbox 789 3993 845 4056; x_wconf 80' lang='lat' dir='ltr'><strong>est</strong></span> 
     </span>
    </p>
   </div>
   <div class='ocr_carea' id='block_1_8' title="bbox 85 4453 1323 4616">
    <p class='ocr_par' dir='ltr' id='par_1_9' title="bbox 85 4453 1323 4616">
     <span class='ocr_line' id='line_1_35' title="bbox 187 4453 1323 4528; baseline 0.007 -22"><span class='ocrx_word' id='word_1_277' title='bbox 187 4455 208 4524; x_wconf 85' lang='lat'><strong>¹)</strong></span> <span class='ocrx_word' id='word_1_278' title='bbox 232 4453 273 4508; x_wconf 86' lang='lat' dir='ltr'><strong>Da</strong></span> <span class='ocrx_word' id='word_1_279' title='bbox 291 4453 420 4522; x_wconf 84' lang='lat' dir='ltr'><strong>Dionysii</strong></span> <span class='ocrx_word' id='word_1_280' title='bbox 439 4457 686 4512; x_wconf 83' lang='lat' dir='ltr'><strong>Halicarnassensis</strong></span> <span class='ocrx_word' id='word_1_281' title='bbox 712 4459 938 4528; x_wconf 80' lang='lat' dir='ltr'><strong>Antiquitatibus</strong></span> <span class='ocrx_word' id='word_1_282' title='bbox 963 4459 1095 4514; x_wconf 85' lang='lat' dir='ltr'><strong>Romanis</strong></span> <span class='ocrx_word' id='word_1_283' title='bbox 1120 4463 1323 4514; x_wconf 78' lang='lat' dir='ltr'><strong>commentatio.</strong></span> 
     </span>
     <span class='ocr_line' id='line_1_36' title="bbox 85 4539 920 4616; baseline 0.012 -24"><span class='ocrx_word' id='word_1_284' title='bbox 85 4540 193 4594; x_wconf 78' lang='lat' dir='ltr'><strong>Vratist</strong></span> <span class='ocrx_word' id='word_1_285' title='bbox 214 4539 287 4596; x_wconf 83' lang='grc'><strong>1838.</strong></span> <span class='ocrx_word' id='word_1_286' title='bbox 305 4543 383 4611; x_wconf 79' lang='lat' dir='ltr'><strong>Prgr.</strong></span> <span class='ocrx_word' id='word_1_287' title='bbox 401 4561 426 4614; x_wconf 89' lang='lat' dir='ltr'><strong>p.</strong></span> <span class='ocrx_word' id='word_1_288' title='bbox 444 4545 477 4598; x_wconf 79' lang='grc'><strong>27</strong></span> <span class='ocrx_word' id='word_1_289' title='bbox 496 4567 530 4588; x_wconf 97' lang='lat'><strong><em>=</em></strong></span> <span class='ocrx_word' id='word_1_290' title='bbox 549 4545 646 4615; x_wconf 80' lang='lat' dir='ltr'><strong>opusc.</strong></span> <span class='ocrx_word' id='word_1_291' title='bbox 665 4547 761 4616; x_wconf 87' lang='lat' dir='ltr'><strong>philol.</strong></span> <span class='ocrx_word' id='word_1_292' title='bbox 780 4546 799 4602; x_wconf 92' lang='lat'><strong>1.</strong></span> <span class='ocrx_word' id='word_1_293' title='bbox 818 4562 843 4616; x_wconf 90' lang='lat' dir='ltr'><strong>p.</strong></span> <span class='ocrx_word' id='word_1_294' title='bbox 861 4547 920 4602; x_wconf 76' lang='grc'><strong>489.</strong></span> 
     </span>
    </p>
   </div>
   <div class='ocr_carea' id='block_1_9' title="bbox 0 0 1539 5070">
    <p class='ocr_par' dir='ltr' id='par_1_10' title="bbox 0 0 1539 5070">
     <span class='ocr_line' id='line_1_37' title="bbox 0 0 1539 5070; baseline 0 0"><span class='ocrx_word' id='word_1_295' title='bbox 0 0 1539 5070; x_wconf 95' lang='lat' dir='ltr'><strong> </strong></span> 
     </span>
    </p>
   </div>
  </div>
 </body>
</html>
