3062 5070
641 419 855 482 ..45-

119 597 233 685 quius
255 595 301 661 ot.
325 591 509 658 Meiiomius
531 592 641 677 aliqua
663 592 808 673 coercuit,
828 589 1042 676 praetulitque
1063 592 1105 655 iis
1128 611 1208 676 quae
1222 591 1295 674 jam
1318 599 1365 678 tu·

116 705 171 788 pis
192 699 329 766 describi
351 702 534 774 curaverat,
568 715 677 760 auum
700 695 795 760 etiam
817 693 948 760 schedas
970 713 1075 760 omues
1095 701 1153 758 τοῦ
1177 697 1365 784 μακαρίτου,

121 813 150 872 a
184 804 307 870 codices
339 801 494 886 Epicteti,
537 819 670 884 quorum
711 798 908 883 marpiuibus
940 798 1064 882 aliquid
1096 799 1232 864 adlitum
1264 807 1366 889 suspi-

122 909 232 974 cabar.
253 955 261 974 .
284 954 293 972 .
316 956 323 972 .
360 905 450 971 Inter
471 904 548 969 haec
570 904 708 969 iuoeuiri
723 901 871 988 forsitan
893 899 1159 990 uouuullo,'quae
1182 903 1227 970 Ol.
1253 903 1366 974 Meiba·

120 1012 206 1077 mius
235 1011 349 1098 praelo
383 1017 411 1075 et
448 1010 513 1073 luci
540 1009 689 1094 publicae
712 1009 777 1093 ipse
799 1007 887 1072 haud
909 1027 1068 1094 quaquam
1090 1007 1270 1089 destinauit,
1302 1033 1367 1079 uou

119 1137 208 1202 crepo.
232 1164 239 1181 .
262 1163 270 1180 .
293 1165 300 1181 .
346 1115 399 1195 (ci.
426 1115 527 1178 etiam
554 1113 720 1196 praeced
743 1117 836 1176 notas
858 1111 977 1178 breves
999 1117 1100 1196 atque
1122 1114 1367 1181 emendationes

120 1217 256 1285 Claudii
278 1217 434 1285 Salmasii
454 1220 488 1281 in
510 1218 667 1282 Manuale
688 1217 829 1298 Epicteti
850 1235 881 1298 p.
904 1215 972 1297 35).
1002 1216 1131 1300 Quibus
1155 1219 1243 1303 loeis,
1265 1237 1367 1303 quam

121 1324 223 1389 tacite
245 1323 387 1406 potuerit
409 1341 522 1387 errare
542 1322 731 1400 Relandus,
768 1323 847 1384 setis
870 1325 949 1403 puto
971 1319 1227 1403 demonstreri¹).
1264 1305 1368 1407 'Quae

122 1431 184 1496 etsi
206 1427 251 1491 ud
273 1429 458 1511 Epictetum
480 1431 513 1491 et
534 1431 627 1490 notas
649 1425 845 1508 plerumque
868 1425 1040 1506 pertinent,
1061 1443 1127 1489 non
1149 1429 1207 1511 est,
1230 1445 1288 1491 cur
1310 1430 1368 1492 ali·

121 1541 173 1598 ter
206 1532 308 1596 tuisse
340 1532 374 1595 in
396 1529 521 1596 Gabale
550 1535 583 1595 et
604 1531 754 1593 variante
776 1529 938 1610 scriptura
960 1533 1122 1610 putemus.
1169 1521 1278 1615 Atque
1301 1532 1369 1597 alia

122 1639 226 1704 etiam
239 1655 283 1700 ex
293 1637 365 1718 ipso
377 1635 439 1699 hoc
450 1633 854 1699 libellodoeumentelieet
865 1649 1017 1713 promere
1028 1633 1071 1698 ad
1087 1635 1283 1706 firmandam
1296 1655 1371 1702 sen·

122 1743 262 1806 tentiam
283 1743 446 1823 nostram3
476 1738 554 1802 dicit
578 1738 666 1801 enim
689 1735 858 1800 Relendus
881 1736 917 1814 (l.
940 1736 962 1799 l.
984 1756 1015 1818 p.
1039 1737 1097 1818 35)
1127 1737 1326 1805 Salmasium
1350 1762 1369 1807 e

122 1850 238 1910 vetare
260 1843 373 1908 codice
394 1861 495 1906 manu
519 1845 655 1905 exarato
677 1839 836 1904 nonnulla
857 1842 1059 1925 correxisse3
1082 1843 1161 1905 nihil
1184 1845 1284 1928 igitur
1300 1865 1369 1910 am·

123 1951 212 2033 plius
234 1947 278 2012 de
300 1950 362 2012 hoc
383 1945 496 2010 codice
518 1946 648 2010 videtur
670 1943 835 2008 addidisse
857 1945 1052 2029 Salmasius3
1074 1945 1366 2029 Schweighaeuser

122 2057 237 2116 autem
259 2051 369 2130 (1798.
381 2051 481 2132 praei.
497 2048 676 2132 pmxvffl
688 2050 751 2130 sq.)
775 2048 925 2129 pluribus
946 2065 1024 2112 eum
1049 2067 1121 2113 esse
1143 2069 1239 2115 usum
1263 2052 1371 2117 docet.

122 2155 190 2241 Qui
220 2155 310 2219 idam
343 2155 390 2236 (p.
418 2151 527 2217 LXXI
560 2155 623 2236 sq.)
655 2151 802 2217 codicem
825 2150 1063 2216 Gerdesianum
1098 2171 1118 2218 e
1148 2158 1368 2238 complurium

123 2261 307 2326 editionum
328 2259 496 2340 scripturis
517 2260 551 2320 in
573 2276 677 2320 unum
700 2259 795 2339 quasi
817 2274 934 2338 corpus
956 2259 1130 2321 contractis
1152 2267 1302 2325 constare
1324 2262 1369 2327 la

122 2367 170 2429 cis
191 2364 302 2428 allatis
324 2361 471 2439 ostendit,
494 2365 526 2426 et
547 2362 592 2443 (p.
614 2359 706 2424 LXX
728 2365 813 2424 nota
837 2355 993 2440 CXXIV)
1015 2361 1137 2425 fatetur
1158 2383 1189 2428 sc
1207 2367 1370 2430 certiorem

123 2489 188 2534 esse
202 2467 334 2552 sactum
356 2487 376 2530 a
398 2465 489 2530 docto
505 2465 631 2549 juverre,
655 2463 813 2548 Stephano
839 2463 959 2549 Peleus,
981 2485 1071 2549 quem
1094 2487 1130 2530 ea
1153 2487 1266 2534 caussa
1289 2491 1369 2535 com-

120 2571 296 2657 pellaverit,
320 2569 443 2634 uatium
465 2569 557 2635 hodie
576 2567 723 2652 Hasuiae
745 2589 800 2633 uec
822 2570 857 2633 iu
879 2570 951 2653 ipsa
974 2569 1170 2635 Bibliotheca
1192 2575 1290 2658 repia,
1315 2595 1371 2639 uec

122 2678 159 2740 iu
181 2673 333 2758 Gatalopo
356 2673 499 2739 codicum
521 2673 692 2738 Msstorum
703 2723 712 2756 ,
750 2693 805 2737 uec
827 2673 925 2752 aiibi,
960 2675 1123 2759 oestipium
1144 2673 1233 2740 iilius
1255 2675 1371 2742 codicis

123 2815 167 2826 -
189 2777 233 2842 de
248 2777 396 2858 Epicteto
418 2779 564 2860 loquitur
586 2813 630 2823 —
652 2782 786 2841 cacare.
841 2777 957 2857 Adde,
990 2778 1079 2860 quod
1101 2783 1134 2842 at
1156 2779 1226 2860 ipse
1249 2785 1283 2844 et
1304 2783 1371 2868 alii,

124 2884 183 2968 qui
206 2901 283 2947 mea
305 2883 411 2964 gretia
426 2881 592 2946 Hauniam
614 2918 658 2928 -
679 2898 744 2945 non
766 2881 809 2945 de
833 2879 958 2947 Cebete
991 2883 1099 2948 solum
1122 2882 1181 2947 sed
1204 2885 1305 2947 etiam
1328 2885 1370 2951 de

123 2987 274 3072 Epicteto
298 3020 337 3033 -
361 2987 487 3050 litteras
509 2984 678 3064 dederunt,
701 2987 782 3049 nihil
803 2987 1035 3072 comperimus,
1057 2989 1105 3049 ita
1126 2992 1163 3051 nt
1184 3006 1302 3052 revere
1318 2990 1372 3054 ibi

123 3110 188 3158 non
211 3095 344 3156 exstare
365 3089 516 3154 videatur
538 3088 652 3154 codex.
704 3090 805 3154 Aliud
828 3092 929 3154 etiem
951 3091 1073 3156 afferre
1095 3091 1222 3157 liceat·
1245 3091 1369 3157 Meilto·

124 3199 210 3262 mins
232 3195 401 3278 possidere
421 3213 458 3258 ae
479 3193 627 3258 codicem
648 3212 749 3258 manu
771 3196 927 3276 scriptum
952 3191 1121 3278 dicebar),
1142 3213 1209 3278 quo
1227 3197 1368 3260 eontine-

124 3306 238 3364 rentur
260 3299 453 3379 Hieronymi
475 3299 704 3361 coementarii
727 3299 759 3360 in
782 3296 1017 3380 librumJob³),
1042 3317 1125 3381 quos
1147 3301 1282 3381 periisse
1304 3302 1371 3382 opi·

125 3404 310 3487 nabantur3
342 3404 427 3466 hunc
450 3402 598 3466 codicem
621 3402 740 3465 obtulit
762 3402 871 3483 legato
893 3403 980 3484 regis
1005 3403 1243 3486 Frenaogellici
1267 3406 1371 3486 pretio

126 3506 242 3571 decem
264 3507 393 3570 milium
416 3505 612 3570 florenorum
636 3503 829 3587 emendum3
862 3524 962 3588 quem
993 3523 1090 3570 nemo
1112 3527 1261 3592 unquam
1283 3509 1371 3572 vide·

125 3615 179 3675 tur
199 3609 331 3696 vidisse
353 3629 429 3674 cum
451 3608 544 3674 nulla
565 3611 622 3672 liat
638 3607 771 3686 mentio,
795 3627 872 3670 num
885 3613 958 3690 post
970 3611 1194 3674 eiusmortem
1207 3613 1240 3676 in
1256 3613 1371 3678 biblio·

126 3715 223 3780 theca
243 3715 286 3778 sit
306 3717 465 3797 repertus.

233 4177 256 4248 ¹)
277 4175 418 4230 Facillime
435 4177 550 4246 quidam
567 4178 684 4232 inseruit
701 4178 827 4232 codicum
845 4181 988 4250 scripturis
1005 4179 1211 4234 emendationes
1239 4182 1373 4252 interpre-

126 4266 308 4336 tationesque,
327 4281 455 4336 quarum,
471 4265 598 4319 libellum
615 4267 738 4336 aliquem
758 4267 913 4340 dumlegim
930 4269 1095 4338 saepevenit
1112 4267 1141 4319 in
1153 4271 1274 4320 mantem
1292 4284 1372 4337 quae·

127 4369 182 4422 que
199 4354 294 4405 atatim
312 4369 342 4405 ra
359 4351 532 4406 considerata
548 4353 656 4406 reicias.

232 4455 367 4526 ²]Biogr.
386 4458 459 4510 univ.
477 4455 517 4508 28.
536 4471 561 4524 p.
580 4455 638 4510 142.
673 4455 706 4510 V.
723 4456 750 4511 d.
767 4457 811 4510 Aa
828 4457 845 4512 l.
863 4457 881 4512 l.
899 4475 924 4528 p.
943 4457 1003 4512 537.

232 4558 256 4628 ¹)
275 4559 307 4612 ct
325 4557 444 4612 Zoeckel
462 4557 658 4626 Hieronymus.
695 4559 795 4616 (iotha
813 4561 887 4617 1865.
907 4578 932 4632 p.
949 4561 1009 4615 4¹11.
