3062 5070
582 399 834 465 -ιιι-Ι

63 577 129 638 sint
153 573 399 656 interpretanda
421 574 541 658 verba3
564 574 721 638 facillime
744 579 780 638 ut
801 573 910 639 deleto
924 575 1087 641 vocabulo
1102 573 1164 658 ἄρα
1191 576 1314 643 scribas

64 677 156 755 εἰκός
178 697 217 763 γε
239 677 278 740 ἐκ
298 675 412 742 τούτου
438 686 495 742 τοῦ
519 677 637 764 λόγου,
671 679 836 743 inducaris
857 684 992 762 propter
1010 680 1157 744 iocorum
1173 682 1314 747 duorum

64 784 327 866 similitudinem,
350 785 408 866 qui
421 787 551 848 exstant
564 784 724 848 XXXV1
742 780 889 866 οὐδαμῶς
912 781 1055 866 φαίνεται
1076 775 1114 847 ἔκ
1127 783 1242 850 τούτου
1257 792 1314 850 τοῦ

65 885 181 974 λόγου.
206 885 292 951 ἀλλὰ
312 887 340 952 τί
363 886 457 970 ἐστιν,
481 888 559 973 ἔφην
584 885 658 971 ἐγὼ,
681 887 718 950 τὸ
734 886 832 951 αἴτιον
841 923 893 950 -.
917 887 1023 953 XLIi
1038 887 1199 976 συμβαίνει
1213 892 1313 968 οὕτως

66 990 105 1053 ἐκ
128 990 247 1056 τούτου
269 998 325 1055 τοῦ
348 989 459 1076 λόγου.
484 989 558 1054 ἀλλ’
582 989 715 1054 οὐδὲτὸ
739 999 866 1075 φρονεῖν
888 1011 926 1076 γε
948 1029 1000 1055 -.
1030 993 1092 1058 Sed
1115 995 1314 1060 offendimur

66 1115 125 1182 eo,
161 1097 251 1180 quod
286 1116 307 1160 a
339 1097 502 1160 vocabulo
526 1093 602 1158 οὐδὲ
624 1097 737 1177 incipit
757 1097 990 1178 interrogatio,
1023 1116 1099 1162 oum
1131 1099 1204 1162 aliis
1236 1099 1316 1163 locis

70 1201 298 1283 praepositum
331 1202 372 1264 sit
405 1200 522 1263 οὐκοῦν
556 1199 798 1278 (XXXVIII3
832 1198 951 1265 οὐκοῦν
982 1197 1116 1264 οὐδὲτὸ
1139 1200 1316 1268 ἀποθανεῖν

65 1303 175 1368 κακόν
199 1302 291 1368 ἐστιν.
352 1305 503 1368 XXXIX
526 1307 545 1368 2
569 1304 688 1368 οὐκοῦν
712 1301 804 1367 οὐδὲν
827 1303 950 1381 τούτοις
973 1303 990 1368 ὁ
1013 1301 1152 1380 πλοῦτος
1178 1303 1315 1390 βοηθεῖ.)

69 1410 123 1471 vel
146 1380 284 1492 πότερον
306 1407 470 1487 (XXXIV
493 1411 511 1472 1
535 1406 671 1491 πότερον
694 1405 768 1470 οὐδὲ
791 1406 986 1493 προέχουσιν
1012 1446 1056 1455 -
1081 1409 1162 1492 πρὸς
1183 1409 1219 1472 τὸ
1244 1406 1315 1495 βελ-

67 1509 155 1588 τίους
184 1508 367 1596 γενέσθαι),
412 1529 451 1575 eo
481 1516 593 1576 autem
626 1512 715 1589 loco,
748 1511 806 1575 ubi
840 1517 1012 1592 praeterea
1045 1509 1121 1574 οὐδὲ
1152 1513 1187 1575 in
1217 1514 1316 1577 inter·

69 1617 251 1698 rogationis
272 1616 363 1678 initio
392 1621 439 1678 est
466 1618 628 1701 positum,
661 1617 881 1698 subsequatur
907 1616 969 1699 ἄρα
1002 1617 1210 1695 (ΧΧΧΙΧ4
1241 1614 1317 1682 οὐδὲ

71 1717 226 1802 συμφέρει
265 1719 352 1802 ἄρα).
424 1720 545 1784 Libera
587 1721 687 1801 igitur
732 1738 788 1783 me
825 1719 868 1784 de
905 1721 966 1783 hac
1003 1739 1040 1784 re
1084 1739 1148 1783 non
1192 1722 1317 1786 audere

71 1824 232 1888 iudicium
254 1825 364 1887 facero
378 1825 549 1908 profiteor3
571 1823 733 1907 quidquid
756 1827 869 1886 autem
891 1825 1015 1902 statuis,
1036 1818 1198 1892 codicisG
1219 1827 1317 1908 scrip·

71 1935 166 2006 tura,
199 1946 288 2012 quae
320 1927 419 1990 valde
454 1928 581 2008 placet,
616 1945 659 1990 ex
685 1927 824 1990 hominis
846 1928 984 1991 alicuius
1007 1927 1094 1992 docti
1114 1930 1246 2011 ingenio
1269 1935 1319 1995 est

72 2041 145 2096 orta
169 2051 278 2116 neque
300 2047 359 2114 pro
381 2032 553 2112 archetypi
576 2031 714 2112 vestigio
737 2030 899 2094 habenda.
943 2031 984 2095 X.
1003 2027 1139 2114 Sauppe
1161 2037 1207 2116 (p.
1229 2034 1317 2114 776),

73 2139 163 2219 quod
187 2138 309 2201 codicis
332 2130 360 2203 G
388 2138 442 2200 vel
464 2138 572 2218 potius
594 2135 765 2218 vulgatam
788 2137 983 2217 scripturam
1004 2138 1038 2199 in
1061 2137 1165 2203 verba
1186 2155 1318 2219 recepe·

75 2249 126 2304 rat
138 2243 282 2305 Drosihn
304 2242 397 2305 nulla
418 2243 600 2322 scripturae
618 2238 838 2322 discrepantia
852 2239 1025 2323 adscripta,
1047 2257 1107 2304 suo
1127 2242 1201 2306 iure
1222 2259 1318 2306 voca·

74 2345 155 2410 bula
176 2343 216 2406 ἐκ
237 2342 352 2408 τούτου
376 2345 438 2428 ἄρα
461 2351 518 2407 τοῦ
542 2341 642 2426 λόγου
666 2362 742 2406 curn
764 2343 923 2424 proximis
946 2343 1072 2406 censuit
1094 2360 1166 2408 esse
1188 2346 1317 2410 coniun-

74 2451 194 2530 genda.

178 2549 337 2634 Superest
358 2553 449 2616 loeus
472 2570 491 2614 e
513 2570 540 2614 ο.
561 2549 611 2614 ΙΠ
633 2551 651 2612 1
675 2551 865 2632 exscriptus.
914 2549 978 2614 Sed
1001 2570 1077 2614 cum
1099 2552 1229 2618 codices
1252 2550 1320 2622 BR

75 2651 189 2727 DWO
212 2659 309 2718 nnius
332 2657 504 2737 archetypi
525 2672 599 2718 esse
619 2657 811 2736 apographa
833 2655 1042 2718 manifestum
1063 2659 1124 2735 sit,
1159 2675 1202 2721 na
1236 2659 1320 2722 hanc

75 2760 211 2840 quidem
234 2761 430 2841 scripturam
464 2763 508 2822 'ex
530 2759 707 2840 integriore
729 2757 842 2822 codice
864 2775 937 2822 esse
959 2764 1126 2841 receptam
1148 2762 1182 2824 in
1205 2756 1320 2829 DWC

76 2870 124 2926 est
164 2863 351 2927 tenendum.
414 2862 526 2947 Quare
559 2863 668 2925 solum
701 2861 848 2926 codicem
885 2856 920 2928 V
964 2881 1143 2945 sequamur
1184 2873 1320 2948 oportet,

76 2987 175 3046 quem
211 2965 413 3050 reliquorum
450 2986 522 3030 esse
557 2968 774 3048 archetypum
816 2967 916 3030 etiam
958 2984 997 3030 eo
1030 2970 1133 3048 possis
1167 2958 1319 3051 proiiare,

76 3071 173 3150 quod,
197 3088 286 3152 quae
307 3091 349 3134 m.
371 3071 412 3135 ΙΙ.
434 3074 509 3133 sunt
529 3069 682 3151 addita¹),
710 3089 751 3134 ea
762 3071 883 3152 reliqui
896 3071 1094 3154 plerumque
1102 3073 1225 3138 habent
1235 3075 1320 3138 inter

76 3176 218 3238 auctoris
240 3175 352 3260 verba,
373 3176 407 3238 hi
430 3181 541 3238 autern
564 3193 727 3257 nusquam
750 3175 848 3256 plura
870 3170 1015 3256 quamv
1027 3177 1186 3256 praebent
1208 3179 1320 3257 verba,

182 3453 204 3522 Ι)
224 3450 256 3502 cs.
274 3455 382 3520 praeter
401 3452 477 3504 locos
497 3467 520 3519 p.
538 3449 580 3502 48.
597 3451 630 3501 52
649 3450 762 3504 allatos:

354 3557 385 3613 V
834 3557 1207 3620 v²LBRDWPOK

77 3660 101 3712 11
120 3664 135 3714 2
154 3663 285 3730 sisenna
726 3663 856 3729 ἀνάθημα
874 3665 947 3717 ἀλλὰ

79 3749 115 3801 111
135 3750 150 3802 1
169 3753 295 3819 ίξήιησις
726 3750 744 3815 ἡ
763 3751 887 3816 carrea

78 3834 115 3888 lv
134 3837 150 3888 2
169 3839 255 3904 ὄχλος

81 3925 100 3974 V
118 3929 132 3978 1
149 3933 199 3981 snt

80 4013 101 4064 V
120 4016 143 4068 2.
162 4013 230 4066 XIX
247 4014 265 4065 4
282 4017 363 4083 ἱαυτῆ

80 4101 116 4154 vt
134 4103 151 4154 3
168 4106 217 4156 καὶ

80 4185 130 4239 v11
148 4187 164 4240 2
183 4191 293 4255 βεβαίως

80 4274 116 4328 IX
134 4277 152 4328 4
169 4280 280 4344 τιμωρία

81 4361 143 4415 XVI
162 4361 178 4414 2
197 4365 246 4416 aa

80 4447 142 4499 XIX
162 4447 179 4499 2
196 4449 283 4500 πάντα

82 4533 142 4586 XIX
160 4533 180 4584 4
197 4537 261 4587 ὅταν
