3062 5070
187 1995 253 2082 Qui
281 1998 458 2062 novissime
481 1994 676 2062 Cebetis
706 2016 793 2080 quoe
822 1997 924 2063 fertur
954 1998 1104 2064 tabulam
1127 1999 1238 2079 edidit,
1260 1999 1323 2067 Fls.

80 2103 301 2182 Deosfflrl'),
335 2104 367 2166 in
398 2104 497 2186 prees.
532 2121 561 2184 p.
583 2101 640 2166 ΙΙΙ.
666 2100 708 2166 de
731 2103 827 2166 huius
851 2102 954 2168 libelli
976 2108 1086 2168 aetate
1109 2105 1174 2168 ulio
1195 2105 1268 2170 loco
1289 2123 1326 2169 se

81 2207 325 2290 disputaturum
341 2207 497 2288 promisit.
530 2206 594 2270 Sed
617 2211 829 2289 praematuro
843 2211 949 2271 morte
964 2208 1129 2293 obreptus,
1151 2212 1325 2292 quominus

80 2316 183 2376 steret
210 2313 394 2395 promissis,
423 2310 599 2392 impeditus
630 2316 687 2374 est
731 2308 816 2375 (lum
843 2316 955 2376 nutem
979 2313 1085 2376 mulln
1106 2313 1173 2376 iam
1196 2331 1327 2397 conges-

81 2417 177 2480 sisset
206 2415 249 2480 ds
281 2417 343 2480 hoc
375 2435 432 2500 rc,
469 2414 587 2494 edidit,
622 2433 709 2498 ques
740 2414 774 2477 in
807 2416 952 2480 defuncti
979 2416 1106 2480 schedis
1129 2425 1328 2504 reppererat,

82 2517 303 2600 DlsTlerl'l
358 2518 434 2603 Qun
466 2520 499 2582 in
532 2537 570 2583 re
603 2520 665 2582 etsi
697 2523 788 2583 reeta
821 2520 985 2602 ingressus
1020 2519 1076 2583 viu
1110 2525 1245 2586 conotus
1280 2528 1329 2588 ost

83 2625 227 2688 Drosibn
262 2641 325 2688 uon
358 2640 454 2705 posse
485 2623 571 2686 hunc
602 2622 754 2686 libellum
778 2623 894 2688 haberi
916 2642 975 2708 pro
997 2624 1138 2706 genuino
1161 2642 1182 2688 a
1204 2623 1328 2692 (lebete

83 2728 246 2793 Tbebnno
272 2729 452 2810 composito
482 2727 635 2809 probare,
669 2726 774 2790 multo
801 2732 913 2792 temen
942 2728 1078 2810 reliquit
1103 2727 1327 2816 disceptanda,

85 2833 191 2896 nrultu
212 2832 364 2896 incohata
385 2849 449 2895 non
472 2829 514 2894 sd
539 2833 637 2895 linem
660 2829 822 2914 perduxit.
883 2829 1009 2915 Quodsi
1030 2835 1143 2896 nutem
1166 2833 1203 2896 A.
1226 2834 1327 2898 Eber-

85 2935 168 3000 lrnrd
202 2935 372 3016 (Bursisns
404 2935 512 2999 Jlrrsb.
541 2937 634 2999 1873.
663 2936 704 2999 ll.
738 2955 768 3017 p.
802 2935 910 3018 1299.)
945 2937 1078 3000 omnino
1113 2953 1184 3000 csse
1217 2955 1328 3020 super·

86 3039 189 3104 llunm
223 3038 301 3102 dicit
333 3039 476 3120 amplius
504 3040 672 3122 inquirere
699 3041 733 3103 in
755 3041 840 3103 bunc
861 3059 952 3118 rem,
985 3037 1066 3104 mibi
1099 3039 1233 3122 quidem
1263 3058 1328 3105 uon

85 3143 269 3228 persuasit,
300 3143 358 3208 sed
380 3140 512 3207 omnino
535 3149 613 3225 puto
636 3143 744 3208 denno
767 3144 860 3207 nobis
882 3143 1141 3226 aggrediendum
1164 3162 1234 3208 csse
1255 3162 1327 3208 rem

84 3249 201 3331 iisque,
223 3265 310 3329 quae
331 3248 538 3312 contulerunt
553 3249 693 3311 Drosilrn
720 3253 753 3311 et
775 3248 832 3330 qui
847 3249 876 3310 ei
894 3252 1145 3333 antecesserunt,
1161 3249 1328 3312 exomins-

86 3353 126 3414 tis
150 3351 411 3433 exquirendam„

87 3645 502 3656 m

192 3903 214 3974 ¹)
250 3899 359 3956 Cebetis
377 3901 478 3954 tabule
515 3899 693 3970 Recognnvit
713 3900 851 3969 praelatus
864 3905 913 3970 est,
932 3903 1068 3969 apparatu
1082 3901 1176 3952 critico
1190 3901 1328 3952 instruxit

88 3989 245 4044 Priuernas
263 3989 392 4042 Drosilrn.
411 3989 526 4058 Lipsius.
545 3989 619 4042 1871.
650 3985 822 4038 Bibliotheca
834 3990 925 4058 script.
939 3987 1032 4042 Graec.
1050 3991 1077 4038 et
1091 3986 1171 4040 Rom.
1190 3984 1329 4038 Teubner.

89 4075 163 4132 Hunc
187 4077 338 4130 editionem
367 4083 432 4129 noto
451 4075 530 4128 Dros.
553 4093 570 4128 n
595 4093 637 4128 me
661 4074 820 4126 distinctum
845 4090 955 4144 semper
979 4075 1007 4125 in
1026 4073 1119 4126 verbis
1139 4071 1330 4126 exscribendis

90 4181 208 4234 respon.
298 4233 301 4239 .

191 4287 215 4358 ²)
251 4285 302 4340 Dic
316 4287 376 4340 Zeit
393 4288 441 4340 des
454 4287 557 4340 muns
575 4286 740 4340 neesson.
777 4283 837 4336 Ans
854 4284 907 4336 den
923 4281 1055 4352 Popisren
1069 4281 1117 4334 des
1132 4279 1329 4333 verstorbenen

90 4373 270 4428 Obcrlebrers
297 4372 419 4428 Dresihn
447 4389 511 4424 vom
542 4372 687 4426 Prorcrtor
714 4369 840 4424 Diellein.
882 4367 1062 4420 Neu-Stettin.
1081 4367 1155 4419 1873.
1193 4367 1270 4432 Prpr.
1296 4397 1330 4406 -

91 4461 122 4514 cl.
141 4459 265 4514 lhrsber.
295 4461 338 4514 llb.
362 4461 388 4514 d.
407 4459 545 4514 Forlsclrr.
569 4461 594 4512 d.
613 4459 687 4510 cluss.
708 4457 957 4510 Allerllmmswiss.
982 4453 1046 4522 lrgg.
1066 4472 1088 4506 v.
1109 4453 1231 4504 Bursian.
1259 4452 1331 4504 187³.

92 4545 109 4598 l.
129 4565 151 4618 p.
171 4547 221 4602 201
242 4563 281 4616 sq.
300 4546 334 4600 ll.
355 4565 378 4616 p.
400 4547 473 4600 1299.

1125 4641 1140 4692 1
