3062 5070
752 402 945 466 ..4-

225 577 426 656 auctoritaie,
448 576 490 641 de
506 593 680 640 consensus
695 575 750 638 vei
766 574 974 640 dissensionis
990 577 1096 640 causIs
1112 577 1260 660 quaestio
1276 575 1387 641 adhuc
1398 594 1461 640 orn-

224 686 300 748 uiuo
323 697 387 744 nou
409 683 457 744 est
478 679 638 760 iustitute;
659 680 785 762 primus
807 679 847 743 H.
870 679 1015 746 SAUPPE
1034 681 1068 744 iu
1091 699 1229 745 censura
1251 681 1293 744 de
1312 681 1464 745 Drosihni

225 787 366 851 editions
388 783 473 847 iacta
494 787 619 848 rectam
643 785 732 846 viam
755 781 902 848 ostendit.
933 785 1123 848 Accuratius
1146 790 1257 848 autern
1280 784 1323 848 de
1347 785 1463 847 horum

224 889 374 955 codicum
405 893 437 952 ct
461 889 647 951 versionum
670 855 859 952 condicIori'e
882 889 966 952 infra
988 905 1105 970 agam,
1138 893 1323 974 postquam,
1346 889 1405 972 qui
1427 890 1465 950 iis

224 997 287 1060 sint
309 993 369 1077 usi,
391 991 496 1057 docui.

327 1097 409 1162 Tres
439 1095 567 1187 codices
597 1097 798 1160 Parisieuses
832 1098 894 1177 (nr.
916 1097 989 1162 858.
1023 1095 1117 1160 1001.
1141 1097 1251 1177 1774.)
1290 1115 1359 1160 una
1392 1115 1466 1159 cum

225 1202 352 1266 duabus
385 1201 590 1264 versionibus
624 1201 701 1267 JAO.
725 1201 940 1268 GRONOVIUS
967 1201 1093 1284 primus
1123 1199 1273 1265 adhibuit
1295 1199 1339 1263 ad
1365 1200 1468 1264 verba

225 1303 477 1389 emendaude¹);
499 1321 640 1385 quorum
663 1304 811 1369 codicum
834 1307 977 1387 primurn
1000 1306 1070 1386 ipse
1090 1303 1164 1368 hene
1180 1311 1345 1387 vetustum,
1369 1311 1469 1367 cetus·

224 1413 378 1477 tissimum
411 1408 541 1486 tibrum,
573 1410 877 1492 praestanhssimam
910 1407 1123 1472 membranum
1155 1407 1315 1490 appellat,
1358 1428 1469 1472 sccun-

224 1516 303 1579 dum
326 1515 415 1598 10494
437 1513 558 1576 minore
579 1520 677 1598 nata,
711 1514 843 1576 tertium
867 1510 1120 1593 Loscarhcuod).
1178 1512 1296 1577 Ecod.
1321 1514 1398 1576 Par.
1423 1533 1469 1594 gr.

225 1620 319 1684 1001.
342 1617 454 1681 autern
477 1615 604 1680 addidit
626 1618 731 1682 verbe
753 1634 872 1699 graece
893 1615 934 1680 ed
958 1616 992 1680 id
1016 1620 1144 1700 tempus
1166 1617 1346 1700 incognite,
1381 1637 1470 1702 quae

224 1723 310 1786 duae
332 1722 499 1786 versiones
522 1721 743 1784 exhibuerunt
764 1722 797 1783 in
820 1721 883 1784 fine
907 1720 999 1798 (inde
1021 1740 1042 1784 a
1064 1740 1090 1785 o.
1113 1721 1206 1784 ΧΗ
1230 1719 1383 1804 ἀγνοοῦσι
1406 1725 1469 1807 γὰρ

224 1845 329 1909 usque
358 1825 401 1888 ad
430 1825 534 1888 verbs
558 1821 673 1900 ἱκανῶς
698 1843 749 1908 μοι
772 1821 877 1899 δοκεῖς
901 1819 1003 1907 λέγειν
1028 1824 1105 1910 ἔφην
1128 1826 1204 1889 XLI
1226 1827 1270 1903 4).
1327 1825 1469 1892 Codices

224 1949 287 1994 nou
310 1949 368 2008 ea,
392 1947 459 2011 qua
481 1945 541 2010 par
564 1931 643 2012 crat,
667 1928 837 2010 diligentia
860 1945 931 1991 esse
953 1928 1089 1993 collatos
1112 1948 1175 1994 non
1198 1935 1262 2008 est,
1286 1931 1375 2013 quod
1400 1953 1470 1997 ruo

224 2053 337 2117 neam3
374 2036 462 2096 recte
484 2036 595 2095 autern
619 2031 765 2096 codicem
787 2032 880 2115 858„
914 2048 979 2113 quo
1002 2033 1091 2113 prior
1113 2038 1239 2097 tantum
1263 2034 1369 2100 libelii
1391 2055 1470 2118 pars

225 2137 410 2221 (usquead
433 2156 459 2200 c.
481 2135 597 2199 XXIII
620 2137 639 2200 2
664 2133 770 2217 ὥσπερ
794 2133 963 2218 πρότερον)
988 2138 1177 2217 continetur,
1199 2140 1335 2222 reliquis
1358 2159 1470 2223 praes-

224 2246 297 2304 tare
318 2242 488 2319 intellexit,
511 2240 728 2324 quamobrem
751 2239 949 2322 plerumque
971 2258 1048 2303 eum
1069 2248 1199 2306 secutus
1212 2248 1268 2322 ast,
1291 2245 1470 2308 etsirnuita

225 2365 244 2409 c
265 2346 400 2427 vulgata
421 2341 593 2423 retinuit³).

227 2553 639 2566 ——aun——n--u—-n-—u-

1024 2709 1032 2738 7

217 2766 316 2831 script.
335 2765 453 2816 schoht.
480 2766 547 2816 1721.
571 2791 604 2801 -
628 2763 677 2828 Ep.
702 2765 771 2813 euch.
795 2781 851 2816 aaa
875 2782 932 2818 cum
958 2766 1013 2816 oet.
1040 2764 1114 2816 Theb.
1138 2767 1187 2816 tuh.
1212 2766 1271 2816 Rcc.
1297 2767 1358 2820 Joa.
1391 2772 1464 2838 Oasp.

223 2853 390 2902 Schrdderac.
417 2851 532 2916 Delphis.
556 2849 642 2914 Apud.
668 2848 730 2900 har.
755 2851 863 2903 Reman.
887 2853 956 2902 1723.
974 2881 1007 2888 -
1025 2851 1074 2916 Ep.
1099 2853 1177 2919 cuch,
1204 2837 1259 2902 Cat.
1278 2855 1336 2918 tah,
1360 2858 1468 2910 Prodici

224 2939 356 3001 Hercules,
375 2945 400 2987 et
420 2937 589 3002 Theophrasti
605 2937 716 2987 charact
735 2939 816 2988 ethici.
846 2939 898 2988 Par
914 2939 967 2988 Jos.
988 2938 1115 3002 Simpson.
1133 2938 1184 2989 Ed.
1207 2940 1235 2990 V.
1259 2941 1361 2992 anhir'.
1391 2949 1465 2995 1804.

324 3020 369 3072 Ex
387 3022 474 3073 latIna
491 3020 668 3073 Elichmanni
686 3023 915 3091 interpretatione
932 3037 1029 3091 graece
1046 3036 1063 3072 a
1080 3037 1109 3074 se
1128 3038 1206 3076 versa
1225 3023 1334 3077 addidit
1353 3030 1461 3096 primus

224 3109 296 3176 Aug.
314 3107 434 3161 Bischoti
451 3109 581 3178 editioni,
607 3123 678 3176 quae
702 3109 814 3162 a.1710
838 3109 922 3162 Jcnae
947 3108 1058 3178 prodiit.
1094 3108 1195 3163 Graece
1215 3114 1332 3180 repetita
1350 3120 1415 3168 sunt
1434 3117 1463 3166 in

224 3196 275 3265 his,
292 3209 360 3264 quas
378 3195 508 3265 equidem
527 3198 601 3266 novi,
622 3196 807 3249 editionibus:

321 3266 384 3334 'oss
415 3285 539 3336 semotas
561 3303 587 3337 a.
610 3286 696 3352 spiri.
721 3287 835 3350 sanas,
861 3288 916 3351 rw.
939 3303 962 3336 s.
985 3286 1010 3336 J.
1036 3287 1072 3336 Η.
1096 3287 1194 3339 samos.
1220 3290 1242 3340 a
1270 3289 1300 3338 A.
1327 3291 1464 3356 sameas

222 3374 294 3421 1786.
313 3401 345 3409 -
368 3372 423 3422 ceo.
448 3374 472 3423 d.
494 3372 567 3422 Theb.
589 3372 720 3437 Gcmhtde,
745 3375 800 3438 ho'o.
818 3391 840 3424 u.
858 3372 894 3422 M.
912 3372 947 3423 H.
970 3372 1077 3425 Thicme.
1102 3375 1202 3425 Berlin.
1219 3378 1290 3426 1786.
1309 3405 1343 3416 -
1364 3377 1419 3428 ost.
1440 3380 1463 3428 d.

226 3457 300 3516 Theb.
331 3457 407 3524 Gom„
435 3476 454 3510 s.
484 3461 499 3508 t.
529 3461 599 3509 1789.
629 3488 662 3498 -
695 3460 750 3511 ott.
779 3461 803 3510 d.
836 3459 910 3510 Theb.
943 3459 1020 3525 Cam,
1052 3463 1135 3512 beart.
1162 3479 1183 3512 o.
1210 3463 1235 3512 J.
1262 3463 1295 3514 D.
1325 3465 1464 3531 Bitchtihq.

223 3544 341 3594 Meissea.
360 3547 430 3596 1796.
449 3575 482 3582 —

326 3629 358 3680 ci.
377 3629 457 3683 Dros.
480 3631 567 3699 praei.
589 3646 615 3699 p.
639 3629 678 3681 IV
704 3645 743 3698 sq.
779 3629 934 3699 Schweigh.
953 3630 1027 3684 1798.
1057 3634 1141 3701 praei.
1159 3648 1184 3701 p.
1203 3631 1357 3688 XXXVIII.
1375 3635 1462 3688 XLIX

222 3731 281 3782 sqq.
300 3713 400 3767 CXXV
419 3730 459 3784 sq.
477 3715 586 3769 CXLIV
606 3733 665 3785 sqq.
684 3716 782 3770 CLVII
800 3732 839 3786 sq.
855 3748 891 3758 -
908 3717 936 3770 C.
958 3718 989 3772 G.
1006 3719 1138 3771 Wcurich
1157 3718 1353 3775 desuetorum
1380 3723 1462 3778 Gree-

222 3818 318 3854 corum
343 3805 517 3856 versionibus
542 3808 569 3855 41
587 3807 794 3858 commentariis
812 3805 933 3874 Syriacis
953 3807 1109 3858 Armenicis
1127 3805 1297 3876 Persicisque
1325 3825 1461 3864 commen-

221 3891 298 3942 tatio.
327 3889 440 3958 Lipsiae.
460 3889 534 3942 1842.
553 3889 721 3961 (Comnreut.¹
737 3909 754 3944 u
767 3901 828 3962 reg.
846 3895 938 3945 scient.
956 3895 1030 3946 acad.
1058 3892 1181 3961 Gotting.
1200 3898 1324 3963 praemio
1343 3900 1459 3968 ornata.)

221 3993 246 4046 p.
264 3975 297 4028 85
315 3992 374 4044 sqq.
393 3977 443 4028 114
461 3992 520 4046 sqq.

325 4065 347 4132 ¹]
382 4067 499 4132 Κέβητος
518 4068 633 4133 Θηβαίου
650 4071 735 4132 πίναξ.
772 4067 881 4120 CebctIs
899 4067 1024 4119 Thebani
1049 4067 1152 4138 tabula,
1178 4068 1280 4123 Graece
1305 4074 1332 4122 41
1360 4069 1461 4142 Latine,

220 4149 315 4201 Multis
336 4151 365 4201 in
377 4150 444 4203 locis
457 4152 585 4204 restituta
603 4169 638 4204 cx
650 4152 725 4205 MSS.
744 4153 892 4222 codicibus,
911 4154 985 4206 unde
1003 4155 1087 4207 etiarn
1100 4154 1204 4210 Graeca
1220 4158 1250 4209 in
1268 4157 1320 4210 fine
1339 4163 1460 4227 reposita

221 4237 256 4288 ab
274 4237 377 4290 Jacobo
397 4237 548 4308 Gronovio,
572 4237 659 4308 Cujus
683 4239 817 4290 accedunt
834 4237 923 4292 Notae
941 4243 968 4292 et
986 4239 1208 4297 Emendationes.
1234 4243 1460 4298 Amstelaedsmi.

221 4324 306 4392 Apud
324 4323 406 4377 chr.
424 4324 618 4378 Wetstenium.
638 4323 712 4378 1689.
731 4325 840 4397 [Gron]

323 4429 347 4498 ²)
382 4429 468 4482 Pracf.
487 4445 511 4497 p.
530 4431 561 4461 θ’
580 4429 603 4484 3.
623 4434 678 4484 noi.
715 4446 739 4500 p.
758 4429 798 4502 94.
818 4429 950 4486 133.14o.
970 4433 1028 4488 172.

322 4532 346 4601 ⁸)
383 4533 537 4603 Schweign
556 4535 631 4589 1798.
649 4537 733 4606 praes.
751 4554 776 4607 p.
795 4535 871 4591 CVII
889 4552 949 4609 sqq.
967 4538 1106 4596 CXLVIII
1124 4555 1184 4610 sqq.
