<?xml version="1.0" encoding="UTF-8"?>
<!DOCTYPE html PUBLIC "-//W3C//DTD XHTML 1.0 Transitional//EN"
    "http://www.w3.org/TR/xhtml1/DTD/xhtml1-transitional.dtd">
<html xmlns="http://www.w3.org/1999/xhtml" xml:lang="en" lang="en">
 <head>
  <title>
</title>
<meta http-equiv="Content-Type" content="text/html;charset=utf-8" />
  <meta name='ocr-system' content='tesseract 3.04.00' />
  <meta name='ocr-capabilities' content='ocr_page ocr_carea ocr_par ocr_line ocrx_word'/>
</head>
<body>
  <div class='ocr_page' id='page_1' title='image "./deartecriticace00muelgoog_0028.png"; bbox 0 0 3062 5070; ppageno 0'>
   <div class='ocr_carea' id='block_1_1' title="bbox 608 425 799 488">
    <p class='ocr_par' dir='ltr' id='par_1_1' title="bbox 608 425 799 488">
     <span class='ocr_line' id='line_1_1' title="bbox 608 425 799 488; baseline 0.005 -18"><span class='ocrx_word' id='word_1_1' title='bbox 608 425 799 488; x_wconf 74' lang='grc'>..7-</span> 
     </span>
    </p>
   </div>
   <div class='ocr_carea' id='block_1_2' title="bbox 79 599 1331 3904">
    <p class='ocr_par' dir='ltr' id='par_1_2' title="bbox 80 599 1327 784">
     <span class='ocr_line' id='line_1_2' title="bbox 80 599 1327 683; baseline 0.002 -21"><span class='ocrx_word' id='word_1_2' title='bbox 80 617 248 683; x_wconf 87' lang='lat' dir='ltr'>quaerere</span> <span class='ocrx_word' id='word_1_3' title='bbox 283 599 470 680; x_wconf 76' lang='lat' dir='ltr'>neglegeret</span> <span class='ocrx_word' id='word_1_4' title='bbox 500 599 807 680; x_wconf 70' lang='lat' dir='ltr'>Schweighaeuser,</span> <span class='ocrx_word' id='word_1_5' title='bbox 841 602 965 661; x_wconf 89' lang='lat' dir='ltr'>certam</span> <span class='ocrx_word' id='word_1_6' title='bbox 998 599 1097 680; x_wconf 87' lang='lat' dir='ltr'>igitur</span> <span class='ocrx_word' id='word_1_7' title='bbox 1130 600 1327 665; x_wconf 89' lang='lat' dir='ltr'>emendandi</span> 
     </span>
     <span class='ocr_line' id='line_1_3' title="bbox 82 699 1327 784; baseline 0 -18"><span class='ocrx_word' id='word_1_8' title='bbox 82 705 173 766; x_wconf 87' lang='lat' dir='ltr'>viam</span> <span class='ocrx_word' id='word_1_9' title='bbox 198 720 261 766; x_wconf 89' lang='lat' dir='ltr'>non</span> <span class='ocrx_word' id='word_1_10' title='bbox 284 703 431 780; x_wconf 90' lang='lat' dir='ltr'>haberet,</span> <span class='ocrx_word' id='word_1_11' title='bbox 454 703 514 766; x_wconf 89' lang='lat' dir='ltr'>etsi</span> <span class='ocrx_word' id='word_1_12' title='bbox 536 705 635 766; x_wconf 90' lang='lat' dir='ltr'>etiam</span> <span class='ocrx_word' id='word_1_13' title='bbox 660 704 712 767; x_wconf 89' lang='lat' dir='ltr'>hic</span> <span class='ocrx_word' id='word_1_14' title='bbox 733 703 894 784; x_wconf 79' lang='lat' dir='ltr'>imprimis</span> <span class='ocrx_word' id='word_1_15' title='bbox 909 699 946 770; x_wconf 88' lang='lat' dir='ltr'><strong>M</strong></span> <span class='ocrx_word' id='word_1_16' title='bbox 962 706 994 766; x_wconf 92' lang='lat' dir='ltr'>et</span> <span class='ocrx_word' id='word_1_17' title='bbox 1008 700 1072 770; x_wconf 82' lang='lat' dir='ltr'>Pa</span> <span class='ocrx_word' id='word_1_18' title='bbox 1094 707 1224 767; x_wconf 88' lang='lat' dir='ltr'>secutus</span> <span class='ocrx_word' id='word_1_19' title='bbox 1240 709 1288 768; x_wconf 88' lang='lat' dir='ltr'>est</span> <span class='ocrx_word' id='word_1_20' title='bbox 1303 708 1327 777; x_wconf 74' lang='lat' dir='ltr'>l.</span> 
     </span>
    </p>

    <p class='ocr_par' dir='ltr' id='par_1_3' title="bbox 79 805 1330 2760">
     <span class='ocr_line' id='line_1_4' title="bbox 190 805 1327 898; baseline 0.002 -28"><span class='ocrx_word' id='word_1_21' title='bbox 190 807 361 884; x_wconf 85' lang='lat' dir='ltr'>Restatis,</span> <span class='ocrx_word' id='word_1_22' title='bbox 384 810 441 890; x_wconf 91' lang='lat' dir='ltr'>qni</span> <span class='ocrx_word' id='word_1_23' title='bbox 464 808 641 871; x_wconf 86' lang='lat' dir='ltr'>novissime</span> <span class='ocrx_word' id='word_1_24' title='bbox 664 805 766 869; x_wconf 81' lang='lat' dir='ltr'>edidit</span> <span class='ocrx_word' id='word_1_25' title='bbox 790 807 948 888; x_wconf 88' lang='lat' dir='ltr'>libellum,</span> <span class='ocrx_word' id='word_1_26' title='bbox 972 811 1031 874; x_wconf 73' lang='lat' dir='ltr'>Fit.</span> <span class='ocrx_word' id='word_1_27' title='bbox 1053 809 1228 898; x_wconf 77' lang='lat' dir='ltr'>DRQSIHN.</span> <span class='ocrx_word' id='word_1_28' title='bbox 1261 806 1327 892; x_wconf 73' lang='lat' dir='ltr'>Qui</span> 
     </span>
     <span class='ocr_line' id='line_1_5' title="bbox 81 897 1326 994; baseline 0.002 -20"><span class='ocrx_word' id='word_1_29' title='bbox 81 914 129 975; x_wconf 90' lang='lat' dir='ltr'>ita</span> <span class='ocrx_word' id='word_1_30' title='bbox 162 912 259 993; x_wconf 89' lang='lat' dir='ltr'>sequi</span> <span class='ocrx_word' id='word_1_31' title='bbox 282 911 631 992; x_wconf 86' lang='lat' dir='ltr'>Schweighaeuserum</span> <span class='ocrx_word' id='word_1_32' title='bbox 661 911 738 972; x_wconf 87' lang='lat' dir='ltr'>satis</span> <span class='ocrx_word' id='word_1_33' title='bbox 763 905 884 994; x_wconf 77' lang='lat' dir='ltr'>habuit,</span> <span class='ocrx_word' id='word_1_34' title='bbox 908 919 943 974; x_wconf 90' lang='lat' dir='ltr'>ut</span> <span class='ocrx_word' id='word_1_35' title='bbox 967 910 1143 976; x_wconf 88' lang='lat' dir='ltr'>editionem</span> <span class='ocrx_word' id='word_1_36' title='bbox 1165 897 1326 994; x_wconf 81' lang='lat' dir='ltr'>apparatu</span> 
     </span>
     <span class='ocr_line' id='line_1_6' title="bbox 80 1013 1327 1099; baseline 0.002 -23"><span class='ocrx_word' id='word_1_37' title='bbox 80 1017 194 1078; x_wconf 77' lang='lat' dir='ltr'>critico</span> <span class='ocrx_word' id='word_1_38' title='bbox 205 1016 395 1077; x_wconf 86' lang='lat' dir='ltr'>instructam</span> <span class='ocrx_word' id='word_1_39' title='bbox 419 1015 591 1077; x_wconf 85' lang='lat' dir='ltr'>curaturus</span> <span class='ocrx_word' id='word_1_40' title='bbox 613 1030 677 1076; x_wconf 89' lang='lat' dir='ltr'>non</span> <span class='ocrx_word' id='word_1_41' title='bbox 699 1013 807 1099; x_wconf 79' lang='lat' dir='ltr'>modo,</span> <span class='ocrx_word' id='word_1_42' title='bbox 829 1035 909 1077; x_wconf 88' lang='lat' dir='ltr'>num</span> <span class='ocrx_word' id='word_1_43' title='bbox 931 1035 968 1078; x_wconf 91' lang='lat' dir='ltr'>re</span> <span class='ocrx_word' id='word_1_44' title='bbox 992 1035 1071 1079; x_wconf 88' lang='lat' dir='ltr'>vera</span> <span class='ocrx_word' id='word_1_45' title='bbox 1094 1020 1248 1080; x_wconf 87' lang='lat' dir='ltr'>accurate</span> <span class='ocrx_word' id='word_1_46' title='bbox 1264 1018 1327 1079; x_wconf 90' lang='lat' dir='ltr'>sint</span> 
     </span>
     <span class='ocr_line' id='line_1_7' title="bbox 80 1116 1326 1202; baseline -0.001 -19"><span class='ocrx_word' id='word_1_47' title='bbox 80 1119 215 1183; x_wconf 85' lang='lat' dir='ltr'>excussi</span> <span class='ocrx_word' id='word_1_48' title='bbox 237 1116 371 1200; x_wconf 81' lang='lat' dir='ltr'>codices,</span> <span class='ocrx_word' id='word_1_49' title='bbox 393 1119 559 1200; x_wconf 82' lang='lat' dir='ltr'>inquirere</span> <span class='ocrx_word' id='word_1_50' title='bbox 581 1118 707 1181; x_wconf 84' lang='lat' dir='ltr'>aliosve</span> <span class='ocrx_word' id='word_1_51' title='bbox 729 1119 979 1200; x_wconf 79' lang='lat' dir='ltr'>circumspicere</span> <span class='ocrx_word' id='word_1_52' title='bbox 1004 1155 1043 1168; x_wconf 94' lang='lat'>-</span> <span class='ocrx_word' id='word_1_53' title='bbox 1072 1120 1168 1184; x_wconf 85' lang='lat' dir='ltr'>Lanr.</span> <span class='ocrx_word' id='word_1_54' title='bbox 1191 1119 1326 1202; x_wconf 88' lang='lat' dir='ltr'>quidem</span> 
     </span>
     <span class='ocr_line' id='line_1_8' title="bbox 80 1223 1326 1306; baseline -0.001 -20"><span class='ocrx_word' id='word_1_55' title='bbox 80 1226 153 1304; x_wconf 89' lang='lat' dir='ltr'>ipse</span> <span class='ocrx_word' id='word_1_56' title='bbox 176 1227 414 1286; x_wconf 88' lang='lat' dir='ltr'>commemorat</span> <span class='ocrx_word' id='word_1_57' title='bbox 436 1223 469 1284; x_wconf 93' lang='lat' dir='ltr'>in</span> <span class='ocrx_word' id='word_1_58' title='bbox 492 1223 592 1302; x_wconf 87' lang='lat' dir='ltr'>prael.</span> <span class='ocrx_word' id='word_1_59' title='bbox 614 1241 644 1302; x_wconf 93' lang='lat' dir='ltr'>p.</span> <span class='ocrx_word' id='word_1_60' title='bbox 661 1223 715 1287; x_wconf 87' lang='lat' dir='ltr'>VI.</span> <span class='ocrx_word' id='word_1_61' title='bbox 739 1258 777 1268; x_wconf 92' lang='lat'><em>-</em></span> <span class='ocrx_word' id='word_1_62' title='bbox 802 1239 934 1303; x_wconf 89' lang='lat' dir='ltr'>prorsus</span> <span class='ocrx_word' id='word_1_63' title='bbox 957 1226 1155 1306; x_wconf 81' lang='lat' dir='ltr'>neglegeret,</span> <span class='ocrx_word' id='word_1_64' title='bbox 1178 1224 1236 1287; x_wconf 91' lang='lat' dir='ltr'>sed</span> <span class='ocrx_word' id='word_1_65' title='bbox 1259 1241 1326 1287; x_wconf 91' lang='lat' dir='ltr'>om-</span> 
     </span>
     <span class='ocr_line' id='line_1_9' title="bbox 79 1325 1326 1411; baseline 0 -21"><span class='ocrx_word' id='word_1_66' title='bbox 79 1329 159 1391; x_wconf 91' lang='lat' dir='ltr'>nino</span> <span class='ocrx_word' id='word_1_67' title='bbox 182 1327 226 1390; x_wconf 93' lang='lat' dir='ltr'>de</span> <span class='ocrx_word' id='word_1_68' title='bbox 248 1345 360 1390; x_wconf 89' lang='lat' dir='ltr'>eorum</span> <span class='ocrx_word' id='word_1_69' title='bbox 385 1325 592 1411; x_wconf 80' lang='lat' dir='ltr'>condicione,</span> <span class='ocrx_word' id='word_1_70' title='bbox 625 1326 667 1390; x_wconf 93' lang='lat' dir='ltr'>de</span> <span class='ocrx_word' id='word_1_71' title='bbox 699 1344 874 1391; x_wconf 81' lang='lat' dir='ltr'>censemus</span> <span class='ocrx_word' id='word_1_72' title='bbox 907 1327 961 1390; x_wconf 88' lang='lat' dir='ltr'>vel</span> <span class='ocrx_word' id='word_1_73' title='bbox 990 1327 1198 1392; x_wconf 87' lang='lat' dir='ltr'>dissensionis</span> <span class='ocrx_word' id='word_1_74' title='bbox 1221 1329 1326 1390; x_wconf 89' lang='lat' dir='ltr'>causis</span> 
     </span>
     <span class='ocr_line' id='line_1_10' title="bbox 79 1429 1326 1514; baseline 0 -20"><span class='ocrx_word' id='word_1_75' title='bbox 79 1433 310 1514; x_wconf 90' lang='lat' dir='ltr'>quaestionem</span> <span class='ocrx_word' id='word_1_76' title='bbox 338 1432 508 1494; x_wconf 86' lang='lat' dir='ltr'>instituere</span> <span class='ocrx_word' id='word_1_77' title='bbox 536 1429 802 1511; x_wconf 82' lang='lat' dir='ltr'>super·se‹leret²).</span> <span class='ocrx_word' id='word_1_78' title='bbox 858 1431 922 1494; x_wconf 89' lang='lat' dir='ltr'>Sed</span> <span class='ocrx_word' id='word_1_79' title='bbox 953 1450 1027 1494; x_wconf 89' lang='lat' dir='ltr'>cum</span> <span class='ocrx_word' id='word_1_80' title='bbox 1054 1432 1134 1494; x_wconf 87' lang='lat' dir='ltr'>nihil</span> <span class='ocrx_word' id='word_1_81' title='bbox 1157 1433 1233 1494; x_wconf 89' lang='lat' dir='ltr'>novi</span> <span class='ocrx_word' id='word_1_82' title='bbox 1249 1448 1326 1513; x_wconf 92' lang='lat' dir='ltr'>pro-</span> 
     </span>
     <span class='ocr_line' id='line_1_11' title="bbox 79 1524 1327 1620; baseline -0.002 -22"><span class='ocrx_word' id='word_1_83' title='bbox 79 1539 198 1613; x_wconf 82' lang='lat' dir='ltr'>terret,</span> <span class='ocrx_word' id='word_1_84' title='bbox 229 1538 312 1599; x_wconf 87' lang='lat' dir='ltr'>rnira</span> <span class='ocrx_word' id='word_1_85' title='bbox 335 1537 435 1599; x_wconf 90' lang='lat' dir='ltr'>etiam</span> <span class='ocrx_word' id='word_1_86' title='bbox 458 1535 666 1617; x_wconf 82' lang='lat' dir='ltr'>neglegentia</span> <span class='ocrx_word' id='word_1_87' title='bbox 688 1554 728 1598; x_wconf 87' lang='lat' dir='ltr'>ne</span> <span class='ocrx_word' id='word_1_88' title='bbox 752 1524 974 1620; x_wconf 63' lang='lat' dir='ltr'>eas&#39;quidem</span> <span class='ocrx_word' id='word_1_89' title='bbox 997 1554 1084 1618; x_wconf 91' lang='lat' dir='ltr'>quae</span> <span class='ocrx_word' id='word_1_90' title='bbox 1105 1537 1140 1597; x_wconf 92' lang='lat' dir='ltr'>in</span> <span class='ocrx_word' id='word_1_91' title='bbox 1162 1531 1327 1616; x_wconf 85' lang='lat' dir='ltr'>Schweig-</span> 
     </span>
     <span class='ocr_line' id='line_1_12' title="bbox 81 1639 1326 1723; baseline 0 -23"><span class='ocrx_word' id='word_1_92' title='bbox 81 1639 237 1704; x_wconf 78' lang='lat' dir='ltr'>lraeuseri</span> <span class='ocrx_word' id='word_1_93' title='bbox 255 1645 287 1702; x_wconf 90' lang='lat' dir='ltr'>et</span> <span class='ocrx_word' id='word_1_94' title='bbox 298 1641 467 1704; x_wconf 88' lang='lat' dir='ltr'>Meibomii</span> <span class='ocrx_word' id='word_1_95' title='bbox 480 1639 675 1703; x_wconf 88' lang='lat' dir='ltr'>editionibus</span> <span class='ocrx_word' id='word_1_96' title='bbox 698 1644 851 1703; x_wconf 86' lang='lat' dir='ltr'>enotatae</span> <span class='ocrx_word' id='word_1_97' title='bbox 871 1645 954 1723; x_wconf 79' lang='lat' dir='ltr'>sunt,</span> <span class='ocrx_word' id='word_1_98' title='bbox 977 1639 1127 1702; x_wconf 90' lang='lat' dir='ltr'>codicum</span> <span class='ocrx_word' id='word_1_99' title='bbox 1150 1639 1326 1719; x_wconf 89' lang='lat' dir='ltr'>scripturas</span> 
     </span>
     <span class='ocr_line' id='line_1_13' title="bbox 79 1743 1327 1825; baseline -0.001 -18"><span class='ocrx_word' id='word_1_100' title='bbox 79 1763 196 1808; x_wconf 91' lang='lat' dir='ltr'>omnes</span> <span class='ocrx_word' id='word_1_101' title='bbox 220 1745 444 1825; x_wconf 81' lang='lat' dir='ltr'>transscripsit,</span> <span class='ocrx_word' id='word_1_102' title='bbox 468 1743 630 1806; x_wconf 87' lang='lat' dir='ltr'>nonnullis</span> <span class='ocrx_word' id='word_1_103' title='bbox 652 1748 763 1807; x_wconf 91' lang='lat' dir='ltr'>autem</span> <span class='ocrx_word' id='word_1_104' title='bbox 786 1744 866 1807; x_wconf 87' lang='lat' dir='ltr'>locis</span> <span class='ocrx_word' id='word_1_105' title='bbox 888 1763 1047 1825; x_wconf 89' lang='lat' dir='ltr'>perverse</span> <span class='ocrx_word' id='word_1_106' title='bbox 1066 1744 1212 1807; x_wconf 87' lang='lat' dir='ltr'>exhibuit</span> <span class='ocrx_word' id='word_1_107' title='bbox 1227 1748 1327 1806; x_wconf 88' lang='lat' dir='ltr'>trans·</span> 
     </span>
     <span class='ocr_line' id='line_1_14' title="bbox 79 1833 1328 1930; baseline -0.003 -18"><span class='ocrx_word' id='word_1_108' title='bbox 79 1851 230 1930; x_wconf 87' lang='lat' dir='ltr'>scriptas.</span> <span class='ocrx_word' id='word_1_109' title='bbox 304 1848 492 1912; x_wconf 79' lang='lat' dir='ltr'>Versiones&#39;</span> <span class='ocrx_word' id='word_1_110' title='bbox 518 1847 618 1910; x_wconf 87' lang='lat' dir='ltr'>eliam</span> <span class='ocrx_word' id='word_1_111' title='bbox 658 1850 690 1908; x_wconf 90' lang='lat' dir='ltr'>et</span> <span class='ocrx_word' id='word_1_112' title='bbox 728 1847 895 1910; x_wconf 81' lang='lat' dir='ltr'>arabicam</span> <span class='ocrx_word' id='word_1_113' title='bbox 936 1854 968 1911; x_wconf 90' lang='lat' dir='ltr'>et</span> <span class='ocrx_word' id='word_1_114' title='bbox 986 1833 989 1840; x_wconf 18' lang='grc' dir='ltr'><strong>Δ</strong></span> <span class='ocrx_word' id='word_1_115' title='bbox 1004 1848 1139 1910; x_wconf 88' lang='lat' dir='ltr'>latinam</span> <span class='ocrx_word' id='word_1_116' title='bbox 1173 1846 1328 1910; x_wconf 85' lang='lat' dir='ltr'>adhibuit</span> 
     </span>
     <span class='ocr_line' id='line_1_15' title="bbox 79 1948 1327 2035; baseline -0.002 -20"><span class='ocrx_word' id='word_1_117' title='bbox 79 1953 276 2035; x_wconf 82' lang='lat' dir='ltr'>quaestione</span> <span class='ocrx_word' id='word_1_118' title='bbox 299 1951 341 2013; x_wconf 90' lang='lat' dir='ltr'>de</span> <span class='ocrx_word' id='word_1_119' title='bbox 364 1968 478 2014; x_wconf 88' lang='lat' dir='ltr'>eorum</span> <span class='ocrx_word' id='word_1_120' title='bbox 500 1951 625 2032; x_wconf 89' lang='lat' dir='ltr'>origine</span> <span class='ocrx_word' id='word_1_121' title='bbox 647 1966 710 2012; x_wconf 90' lang='lat' dir='ltr'>non</span> <span class='ocrx_word' id='word_1_122' title='bbox 733 1952 888 2028; x_wconf 90' lang='lat' dir='ltr'>instituta,</span> <span class='ocrx_word' id='word_1_123' title='bbox 911 1953 1058 2032; x_wconf 89' lang='lat' dir='ltr'>priorum</span> <span class='ocrx_word' id='word_1_124' title='bbox 1081 1955 1192 2014; x_wconf 89' lang='lat' dir='ltr'>autern</span> <span class='ocrx_word' id='word_1_125' title='bbox 1216 1948 1327 2013; x_wconf 87' lang='lat' dir='ltr'>editio·</span> 
     </span>
     <span class='ocr_line' id='line_1_16' title="bbox 80 2053 1326 2139; baseline -0.003 -19"><span class='ocrx_word' id='word_1_126' title='bbox 80 2078 160 2121; x_wconf 90' lang='lat' dir='ltr'>num</span> <span class='ocrx_word' id='word_1_127' title='bbox 185 2075 308 2138; x_wconf 88' lang='lat' dir='ltr'>paucas</span> <span class='ocrx_word' id='word_1_128' title='bbox 331 2055 411 2118; x_wconf 87' lang='lat' dir='ltr'>adiit</span> <span class='ocrx_word' id='word_1_129' title='bbox 433 2055 592 2139; x_wconf 80' lang='lat' dir='ltr'>aliosque,</span> <span class='ocrx_word' id='word_1_130' title='bbox 614 2055 647 2116; x_wconf 93' lang='lat' dir='ltr'>in</span> <span class='ocrx_word' id='word_1_131' title='bbox 669 2055 789 2136; x_wconf 91' lang='lat' dir='ltr'>quihus</span> <span class='ocrx_word' id='word_1_132' title='bbox 812 2054 855 2118; x_wconf 91' lang='lat' dir='ltr'>de</span> <span class='ocrx_word' id='word_1_133' title='bbox 877 2053 1001 2119; x_wconf 86' lang='lat' dir='ltr'>Gebete</span> <span class='ocrx_word' id='word_1_134' title='bbox 1023 2055 1201 2138; x_wconf 78' lang='lat' dir='ltr'>disseritur,</span> <span class='ocrx_word' id='word_1_135' title='bbox 1224 2055 1326 2117; x_wconf 91' lang='lat' dir='ltr'>libros</span> 
     </span>
     <span class='ocr_line' id='line_1_17' title="bbox 79 2157 1325 2242; baseline -0.003 -17"><span class='ocrx_word' id='word_1_136' title='bbox 79 2163 217 2225; x_wconf 87' lang='lat' dir='ltr'>omnino</span> <span class='ocrx_word' id='word_1_137' title='bbox 240 2157 423 2242; x_wconf 81' lang='lat' dir='ltr'>neglexit³).</span> <span class='ocrx_word' id='word_1_138' title='bbox 447 2159 532 2224; x_wconf 86' lang='lat' dir='ltr'>Cum</span> <span class='ocrx_word' id='word_1_139' title='bbox 555 2164 666 2222; x_wconf 87' lang='lat' dir='ltr'>autern</span> <span class='ocrx_word' id='word_1_140' title='bbox 689 2160 834 2220; x_wconf 90' lang='lat' dir='ltr'>certain</span> <span class='ocrx_word' id='word_1_141' title='bbox 857 2157 1022 2222; x_wconf 91' lang='lat' dir='ltr'>codicibus</span> <span class='ocrx_word' id='word_1_142' title='bbox 1035 2157 1230 2222; x_wconf 90' lang='lat' dir='ltr'>adhibendis</span> <span class='ocrx_word' id='word_1_143' title='bbox 1242 2159 1325 2221; x_wconf 88' lang='lat' dir='ltr'>ratio</span> 
     </span>
     <span class='ocr_line' id='line_1_18' title="bbox 80 2262 1327 2346; baseline -0.005 -16"><span class='ocrx_word' id='word_1_144' title='bbox 80 2267 221 2343; x_wconf 85' lang='lat' dir='ltr'>deesset,</span> <span class='ocrx_word' id='word_1_145' title='bbox 243 2281 306 2328; x_wconf 91' lang='lat' dir='ltr'>non</span> <span class='ocrx_word' id='word_1_146' title='bbox 330 2283 406 2327; x_wconf 92' lang='lat' dir='ltr'>eum</span> <span class='ocrx_word' id='word_1_147' title='bbox 429 2265 542 2346; x_wconf 83' lang='lat' dir='ltr'>exiis,</span> <span class='ocrx_word' id='word_1_148' title='bbox 565 2282 665 2346; x_wconf 90' lang='lat' dir='ltr'>quem</span> <span class='ocrx_word' id='word_1_149' title='bbox 678 2264 777 2340; x_wconf 88' lang='lat' dir='ltr'>licuit,</span> <span class='ocrx_word' id='word_1_150' title='bbox 800 2264 887 2344; x_wconf 88' lang='lat' dir='ltr'>cepit</span> <span class='ocrx_word' id='word_1_151' title='bbox 908 2264 1064 2346; x_wconf 81' lang='lat' dir='ltr'>tructum3</span> <span class='ocrx_word' id='word_1_152' title='bbox 1087 2264 1169 2327; x_wconf 83' lang='lat' dir='ltr'>falso</span> <span class='ocrx_word' id='word_1_153' title='bbox 1192 2262 1327 2344; x_wconf 90' lang='lat' dir='ltr'>quidem</span> 
     </span>
     <span class='ocr_line' id='line_1_19' title="bbox 80 2365 1327 2450; baseline -0.005 -16"><span class='ocrx_word' id='word_1_154' title='bbox 80 2371 231 2434; x_wconf 89' lang='lat' dir='ltr'>codicem</span> <span class='ocrx_word' id='word_1_155' title='bbox 260 2365 296 2435; x_wconf 83' lang='lat' dir='ltr'><strong><em>M</em></strong></span> <span class='ocrx_word' id='word_1_156' title='bbox 329 2369 489 2450; x_wconf 90' lang='lat' dir='ltr'>optirnmn</span> <span class='ocrx_word' id='word_1_157' title='bbox 524 2386 596 2431; x_wconf 90' lang='lat' dir='ltr'>esse</span> <span class='ocrx_word' id='word_1_158' title='bbox 628 2371 718 2430; x_wconf 88' lang='lat' dir='ltr'>ratus</span> <span class='ocrx_word' id='word_1_159' title='bbox 752 2368 863 2430; x_wconf 89' lang='lat' dir='ltr'>multis</span> <span class='ocrx_word' id='word_1_160' title='bbox 897 2369 975 2431; x_wconf 84' lang='lat' dir='ltr'>locis</span> <span class='ocrx_word' id='word_1_161' title='bbox 1004 2387 1079 2432; x_wconf 90' lang='lat' dir='ltr'>emn</span> <span class='ocrx_word' id='word_1_162' title='bbox 1110 2371 1240 2430; x_wconf 89' lang='lat' dir='ltr'>secutus</span> <span class='ocrx_word' id='word_1_163' title='bbox 1271 2371 1327 2444; x_wconf 89' lang='lat' dir='ltr'>est,</span> 
     </span>
     <span class='ocr_line' id='line_1_20' title="bbox 81 2470 1329 2551; baseline -0.002 -15"><span class='ocrx_word' id='word_1_164' title='bbox 81 2495 159 2538; x_wconf 87' lang='lat' dir='ltr'>cum</span> <span class='ocrx_word' id='word_1_165' title='bbox 200 2475 274 2537; x_wconf 83' lang='lat' dir='ltr'>aliis</span> <span class='ocrx_word' id='word_1_166' title='bbox 314 2472 516 2536; x_wconf 89' lang='lat' dir='ltr'>deteriorum</span> <span class='ocrx_word' id='word_1_167' title='bbox 555 2470 705 2534; x_wconf 90' lang='lat' dir='ltr'>codicum</span> <span class='ocrx_word' id='word_1_168' title='bbox 747 2470 905 2550; x_wconf 90' lang='lat' dir='ltr'>amplecti</span> <span class='ocrx_word' id='word_1_169' title='bbox 949 2471 1126 2551; x_wconf 90' lang='lat' dir='ltr'>scripturas</span> <span class='ocrx_word' id='word_1_170' title='bbox 1166 2472 1329 2534; x_wconf 85' lang='lat' dir='ltr'>maluerit.</span> 
     </span>
     <span class='ocr_line' id='line_1_21' title="bbox 82 2572 1330 2663; baseline -0.005 -21"><span class='ocrx_word' id='word_1_171' title='bbox 82 2578 297 2663; x_wconf 78' lang='lat' dir='ltr'>Quamquam</span> <span class='ocrx_word' id='word_1_172' title='bbox 329 2576 402 2639; x_wconf 89' lang='lat' dir='ltr'>aliis</span> <span class='ocrx_word' id='word_1_173' title='bbox 432 2575 512 2638; x_wconf 90' lang='lat' dir='ltr'>locis</span> <span class='ocrx_word' id='word_1_174' title='bbox 542 2574 646 2638; x_wconf 87' lang='lat' dir='ltr'>verba</span> <span class='ocrx_word' id='word_1_175' title='bbox 675 2592 752 2637; x_wconf 89' lang='lat' dir='ltr'>eum</span> <span class='ocrx_word' id='word_1_176' title='bbox 785 2572 993 2651; x_wconf 88' lang='lat' dir='ltr'>emendasse,</span> <span class='ocrx_word' id='word_1_177' title='bbox 1027 2573 1101 2637; x_wconf 87' lang='lat' dir='ltr'>aliis</span> <span class='ocrx_word' id='word_1_178' title='bbox 1131 2575 1330 2656; x_wconf 87' lang='lat' dir='ltr'>glossemata</span> 
     </span>
     <span class='ocr_line' id='line_1_22' title="bbox 82 2679 681 2760; baseline -0.013 -12"><span class='ocrx_word' id='word_1_179' title='bbox 82 2683 252 2748; x_wconf 86' lang='lat' dir='ltr'>detexisse</span> <span class='ocrx_word' id='word_1_180' title='bbox 274 2697 338 2744; x_wconf 92' lang='lat' dir='ltr'>non</span> <span class='ocrx_word' id='word_1_181' title='bbox 361 2683 418 2758; x_wconf 90' lang='lat' dir='ltr'>est,</span> <span class='ocrx_word' id='word_1_182' title='bbox 442 2679 531 2760; x_wconf 91' lang='lat' dir='ltr'>quod</span> <span class='ocrx_word' id='word_1_183' title='bbox 552 2696 681 2760; x_wconf 90' lang='lat' dir='ltr'>negem.</span> 
     </span>
    </p>

    <p class='ocr_par' dir='ltr' id='par_1_4' title="bbox 81 2781 1331 3697">
     <span class='ocr_line' id='line_1_23' title="bbox 186 2781 1326 2861; baseline -0.003 -13"><span class='ocrx_word' id='word_1_184' title='bbox 186 2785 293 2848; x_wconf 89' lang='lat' dir='ltr'>Huius</span> <span class='ocrx_word' id='word_1_185' title='bbox 322 2784 472 2847; x_wconf 89' lang='lat' dir='ltr'>editionis</span> <span class='ocrx_word' id='word_1_186' title='bbox 501 2801 658 2847; x_wconf 88' lang='lat' dir='ltr'>censurae</span> <span class='ocrx_word' id='word_1_187' title='bbox 689 2787 754 2846; x_wconf 91' lang='lat' dir='ltr'>tres</span> <span class='ocrx_word' id='word_1_188' title='bbox 785 2783 837 2861; x_wconf 81' lang='lat' dir='ltr'>(rt.</span> <span class='ocrx_word' id='word_1_189' title='bbox 859 2783 1144 2847; x_wconf 69' lang='lat' dir='ltr'>Bursiansdhrsb.</span> <span class='ocrx_word' id='word_1_190' title='bbox 1171 2781 1326 2846; x_wconf 82' lang='lat'>1873.11.</span> 
     </span>
     <span class='ocr_line' id='line_1_24' title="bbox 81 2885 1328 2972; baseline -0.003 -20"><span class='ocrx_word' id='word_1_191' title='bbox 81 2911 111 2972; x_wconf 93' lang='lat' dir='ltr'>p.</span> <span class='ocrx_word' id='word_1_192' title='bbox 138 2889 250 2968; x_wconf 84' lang='grc'>1299.)</span> <span class='ocrx_word' id='word_1_193' title='bbox 284 2890 367 2952; x_wconf 90' lang='lat' dir='ltr'>mihi</span> <span class='ocrx_word' id='word_1_194' title='bbox 399 2891 628 2965; x_wconf 87' lang='lat' dir='ltr'>innotuerunt,</span> <span class='ocrx_word' id='word_1_195' title='bbox 668 2908 809 2970; x_wconf 85' lang='lat' dir='ltr'>quarum</span> <span class='ocrx_word' id='word_1_196' title='bbox 840 2885 936 2966; x_wconf 82' lang='lat' dir='ltr'>una⁴)</span> <span class='ocrx_word' id='word_1_197' title='bbox 964 2887 1251 2950; x_wconf 87' lang='lat' dir='ltr'>vehementissime</span> <span class='ocrx_word' id='word_1_198' title='bbox 1279 2905 1328 2948; x_wconf 91' lang='lat' dir='ltr'>re·</span> 
     </span>
     <span class='ocr_line' id='line_1_25' title="bbox 83 2989 1328 3076; baseline -0.005 -18"><span class='ocrx_word' id='word_1_199' title='bbox 83 2993 298 3076; x_wconf 92' lang='lat' dir='ltr'>prehenditur</span> <span class='ocrx_word' id='word_1_200' title='bbox 321 2992 453 3057; x_wconf 88' lang='lat' dir='ltr'>editoris</span> <span class='ocrx_word' id='word_1_201' title='bbox 482 2991 708 3073; x_wconf 87' lang='lat' dir='ltr'>neglegentia;</span> <span class='ocrx_word' id='word_1_202' title='bbox 741 2989 876 3071; x_wconf 79' lang='lat' dir='ltr'>altera⁵)</span> <span class='ocrx_word' id='word_1_203' title='bbox 905 2994 1035 3071; x_wconf 86' lang='lat' dir='ltr'>praeter</span> <span class='ocrx_word' id='word_1_204' title='bbox 1057 2990 1192 3053; x_wconf 89' lang='lat' dir='ltr'>landem</span> <span class='ocrx_word' id='word_1_205' title='bbox 1215 2989 1328 3052; x_wconf 90' lang='lat' dir='ltr'>editio·</span> 
     </span>
     <span class='ocr_line' id='line_1_26' title="bbox 81 3093 1328 3178; baseline -0.005 -18"><span class='ocrx_word' id='word_1_206' title='bbox 81 3101 133 3162; x_wconf 93' lang='lat' dir='ltr'>nis</span> <span class='ocrx_word' id='word_1_207' title='bbox 167 3097 415 3160; x_wconf 85' lang='lat' dir='ltr'>emendationes</span> <span class='ocrx_word' id='word_1_208' title='bbox 449 3095 625 3158; x_wconf 89' lang='lat' dir='ltr'>nonnullae</span> <span class='ocrx_word' id='word_1_209' title='bbox 657 3100 897 3178; x_wconf 80' lang='lat' dir='ltr'>proponuntur,</span> <span class='ocrx_word' id='word_1_210' title='bbox 919 3093 983 3156; x_wconf 90' lang='lat' dir='ltr'>&#39;de</span> <span class='ocrx_word' id='word_1_211' title='bbox 1026 3094 1146 3176; x_wconf 81' lang='lat' dir='ltr'>quibus·</span> <span class='ocrx_word' id='word_1_212' title='bbox 1179 3094 1232 3155; x_wconf 93' lang='lat' dir='ltr'>hic</span> <span class='ocrx_word' id='word_1_213' title='bbox 1263 3111 1328 3156; x_wconf 91' lang='lat' dir='ltr'>non</span> 
     </span>
     <span class='ocr_line' id='line_1_27' title="bbox 82 3196 1328 3285; baseline -0.006 -19"><span class='ocrx_word' id='word_1_214' title='bbox 82 3207 132 3266; x_wconf 90' lang='lat' dir='ltr'>est</span> <span class='ocrx_word' id='word_1_215' title='bbox 164 3201 257 3264; x_wconf 89' lang='lat' dir='ltr'>locus</span> <span class='ocrx_word' id='word_1_216' title='bbox 279 3198 478 3276; x_wconf 81' lang='lat' dir='ltr'>disserendi3</span> <span class='ocrx_word' id='word_1_217' title='bbox 512 3196 638 3277; x_wconf 62' lang='lat' dir='ltr'>tertiat)</span> <span class='ocrx_word' id='word_1_218' title='bbox 661 3200 701 3262; x_wconf 93' lang='grc' dir='ltr'>Η.</span> <span class='ocrx_word' id='word_1_219' title='bbox 716 3196 868 3285; x_wconf 81' lang='lat' dir='ltr'>Sauppe,</span> <span class='ocrx_word' id='word_1_220' title='bbox 901 3202 1075 3280; x_wconf 88' lang='lat' dir='ltr'>postquam</span> <span class='ocrx_word' id='word_1_221' title='bbox 1105 3198 1147 3261; x_wconf 90' lang='lat' dir='ltr'>de</span> <span class='ocrx_word' id='word_1_222' title='bbox 1178 3196 1328 3260; x_wconf 88' lang='lat' dir='ltr'>editionis</span> 
     </span>
     <span class='ocr_line' id='line_1_28' title="bbox 82 3301 1328 3387; baseline -0.008 -15"><span class='ocrx_word' id='word_1_223' title='bbox 82 3308 212 3372; x_wconf 89' lang='lat' dir='ltr'>ratione</span> <span class='ocrx_word' id='word_1_224' title='bbox 227 3307 351 3387; x_wconf 90' lang='lat' dir='ltr'>optime</span> <span class='ocrx_word' id='word_1_225' title='bbox 366 3305 532 3382; x_wconf 88' lang='lat' dir='ltr'>iudicavit,</span> <span class='ocrx_word' id='word_1_226' title='bbox 550 3323 626 3366; x_wconf 91' lang='lat' dir='ltr'>cum</span> <span class='ocrx_word' id='word_1_227' title='bbox 642 3307 754 3387; x_wconf 88' lang='lat' dir='ltr'>paucis</span> <span class='ocrx_word' id='word_1_228' title='bbox 770 3305 917 3369; x_wconf 89' lang='lat' dir='ltr'>codicem</span> <span class='ocrx_word' id='word_1_229' title='bbox 932 3301 996 3370; x_wconf 83' lang='lat' dir='ltr'>Pa.</span> <span class='ocrx_word' id='word_1_230' title='bbox 1009 3303 1145 3384; x_wconf 89' lang='lat' dir='ltr'>reliquis</span> <span class='ocrx_word' id='word_1_231' title='bbox 1158 3304 1328 3382; x_wconf 85' lang='lat' dir='ltr'>praestare</span> 
     </span>
     <span class='ocr_line' id='line_1_29' title="bbox 83 3404 1328 3491; baseline -0.007 -16"><span class='ocrx_word' id='word_1_232' title='bbox 83 3421 117 3476; x_wconf 90' lang='lat' dir='ltr'>et</span> <span class='ocrx_word' id='word_1_233' title='bbox 132 3410 282 3475; x_wconf 88' lang='lat' dir='ltr'>codicem</span> <span class='ocrx_word' id='word_1_234' title='bbox 298 3409 395 3472; x_wconf 89' lang='lat' dir='ltr'>Laur.</span> <span class='ocrx_word' id='word_1_235' title='bbox 417 3408 460 3471; x_wconf 92' lang='lat' dir='ltr'>ad</span> <span class='ocrx_word' id='word_1_236' title='bbox 483 3407 661 3474; x_wconf 86' lang='lat' dir='ltr'>deteriores</span> <span class='ocrx_word' id='word_1_237' title='bbox 683 3411 849 3491; x_wconf 86' lang='lat' dir='ltr'>pertinere</span> <span class='ocrx_word' id='word_1_238' title='bbox 871 3409 989 3487; x_wconf 89' lang='lat' dir='ltr'>docuit,</span> <span class='ocrx_word' id='word_1_239' title='bbox 1014 3413 1082 3471; x_wconf 89' lang='lat' dir='ltr'>turn</span> <span class='ocrx_word' id='word_1_240' title='bbox 1107 3404 1227 3468; x_wconf 86' lang='lat' dir='ltr'>multos</span> <span class='ocrx_word' id='word_1_241' title='bbox 1239 3405 1328 3468; x_wconf 89' lang='lat' dir='ltr'>locos</span> 
     </span>
     <span class='ocr_line' id='line_1_30' title="bbox 84 3509 1331 3598; baseline -0.006 -19"><span class='ocrx_word' id='word_1_242' title='bbox 84 3519 156 3598; x_wconf 90' lang='lat' dir='ltr'>ipse</span> <span class='ocrx_word' id='word_1_243' title='bbox 189 3511 396 3589; x_wconf 89' lang='lat' dir='ltr'>emendavit,</span> <span class='ocrx_word' id='word_1_244' title='bbox 430 3514 477 3575; x_wconf 90' lang='lat' dir='ltr'>ita</span> <span class='ocrx_word' id='word_1_245' title='bbox 509 3516 545 3574; x_wconf 91' lang='lat' dir='ltr'>ut</span> <span class='ocrx_word' id='word_1_246' title='bbox 579 3530 622 3575; x_wconf 82' lang='lat' dir='ltr'>ex</span> <span class='ocrx_word' id='word_1_247' title='bbox 645 3514 717 3575; x_wconf 91' lang='lat' dir='ltr'>eius</span> <span class='ocrx_word' id='word_1_248' title='bbox 739 3530 877 3576; x_wconf 88' lang='lat' dir='ltr'>censura</span> <span class='ocrx_word' id='word_1_249' title='bbox 898 3514 971 3594; x_wconf 88' lang='lat' dir='ltr'>plus</span> <span class='ocrx_word' id='word_1_250' title='bbox 994 3509 1207 3575; x_wconf 89' lang='lat' dir='ltr'>emolumenti</span> <span class='ocrx_word' id='word_1_251' title='bbox 1229 3509 1331 3589; x_wconf 90' lang='lat' dir='ltr'>possit</span> 
     </span>
     <span class='ocr_line' id='line_1_31' title="bbox 85 3613 1117 3697; baseline -0.006 -15"><span class='ocrx_word' id='word_1_252' title='bbox 85 3618 212 3682; x_wconf 86' lang='lat' dir='ltr'>hauriri</span> <span class='ocrx_word' id='word_1_253' title='bbox 234 3617 343 3681; x_wconf 86' lang='lat' dir='ltr'>verbis</span> <span class='ocrx_word' id='word_1_254' title='bbox 366 3614 580 3680; x_wconf 86' lang='lat' dir='ltr'>emendandis</span> <span class='ocrx_word' id='word_1_255' title='bbox 602 3635 704 3697; x_wconf 90' lang='lat' dir='ltr'>quam</span> <span class='ocrx_word' id='word_1_256' title='bbox 727 3635 771 3678; x_wconf 84' lang='lat' dir='ltr'>ex</span> <span class='ocrx_word' id='word_1_257' title='bbox 792 3617 946 3680; x_wconf 88' lang='lat' dir='ltr'>Drosibni</span> <span class='ocrx_word' id='word_1_258' title='bbox 967 3613 1117 3678; x_wconf 89' lang='lat' dir='ltr'>editione.</span> 
     </span>
    </p>

    <p class='ocr_par' dir='ltr' id='par_1_5' title="bbox 86 3715 1329 3904">
     <span class='ocr_line' id='line_1_32' title="bbox 189 3715 1328 3803; baseline -0.005 -19"><span class='ocrx_word' id='word_1_259' title='bbox 189 3720 367 3803; x_wconf 82' lang='lat' dir='ltr'>Reliquae,</span> <span class='ocrx_word' id='word_1_260' title='bbox 401 3737 485 3802; x_wconf 86' lang='lat' dir='ltr'>quas</span> <span class='ocrx_word' id='word_1_261' title='bbox 516 3719 676 3800; x_wconf 89' lang='lat' dir='ltr'>inspicere</span> <span class='ocrx_word' id='word_1_262' title='bbox 709 3719 819 3802; x_wconf 82' lang='lat' dir='ltr'>licuit,</span> <span class='ocrx_word' id='word_1_263' title='bbox 852 3719 1011 3783; x_wconf 92' lang='lat' dir='ltr'>editiones</span> <span class='ocrx_word' id='word_1_264' title='bbox 1033 3721 1195 3800; x_wconf 87' lang='lat' dir='ltr'>apparatu</span> <span class='ocrx_word' id='word_1_265' title='bbox 1217 3715 1328 3778; x_wconf 87' lang='lat' dir='ltr'>critico</span> 
     </span>
     <span class='ocr_line' id='line_1_33' title="bbox 86 3819 1329 3904; baseline -0.006 -16"><span class='ocrx_word' id='word_1_266' title='bbox 86 3831 207 3904; x_wconf 87' lang='lat' dir='ltr'>carent,</span> <span class='ocrx_word' id='word_1_267' title='bbox 241 3826 301 3888; x_wconf 85' lang='lat' dir='ltr'>etsi</span> <span class='ocrx_word' id='word_1_268' title='bbox 335 3822 498 3887; x_wconf 89' lang='lat' dir='ltr'>nonnullis</span> <span class='ocrx_word' id='word_1_269' title='bbox 528 3823 607 3886; x_wconf 90' lang='lat' dir='ltr'>locis</span> <span class='ocrx_word' id='word_1_270' title='bbox 641 3822 840 3885; x_wconf 88' lang='lat' dir='ltr'>eGronovii</span> <span class='ocrx_word' id='word_1_271' title='bbox 861 3824 913 3886; x_wconf 92' lang='lat' dir='ltr'>vel</span> <span class='ocrx_word' id='word_1_272' title='bbox 937 3821 1241 3903; x_wconf 88' lang='lat' dir='ltr'>Schweighaeuseri</span> <span class='ocrx_word' id='word_1_273' title='bbox 1264 3819 1329 3882; x_wconf 90' lang='lat' dir='ltr'>edi-</span> 
     </span>
    </p>
   </div>
   <div class='ocr_carea' id='block_1_3' title="bbox 192 4130 950 4638">
    <p class='ocr_par' dir='ltr' id='par_1_6' title="bbox 194 4130 507 4201">
     <span class='ocr_line' id='line_1_34' title="bbox 194 4130 507 4201; baseline -0.01 -16"><span class='ocrx_word' id='word_1_274' title='bbox 194 4135 216 4201; x_wconf 78' lang='lat'>¹)</span> <span class='ocrx_word' id='word_1_275' title='bbox 251 4130 444 4201; x_wconf 71' lang='lat' dir='ltr'>captare.</span> <span class='ocrx_word' id='word_1_276' title='bbox 466 4131 507 4184; x_wconf 82' lang='lat'>71.</span> 
     </span>
    </p>

    <p class='ocr_par' dir='ltr' id='par_1_7' title="bbox 194 4218 495 4290">
     <span class='ocr_line' id='line_1_35' title="bbox 194 4218 495 4290; baseline 0 -20"><span class='ocrx_word' id='word_1_277' title='bbox 194 4221 217 4290; x_wconf 81' lang='lat'>¹]</span> <span class='ocrx_word' id='word_1_278' title='bbox 253 4221 285 4272; x_wconf 82' lang='lat' dir='ltr'>ct.</span> <span class='ocrx_word' id='word_1_279' title='bbox 304 4221 388 4288; x_wconf 82' lang='lat' dir='ltr'>praes.</span> <span class='ocrx_word' id='word_1_280' title='bbox 406 4236 431 4288; x_wconf 93' lang='lat' dir='ltr'>p.</span> <span class='ocrx_word' id='word_1_281' title='bbox 449 4218 495 4270; x_wconf 82' lang='lat' dir='ltr'>vt</span> 
     </span>
    </p>

    <p class='ocr_par' dir='ltr' id='par_1_8' title="bbox 192 4305 813 4376">
     <span class='ocr_line' id='line_1_36' title="bbox 192 4305 813 4376; baseline 0 -18"><span class='ocrx_word' id='word_1_282' title='bbox 192 4309 216 4376; x_wconf 84' lang='lat'>³)</span> <span class='ocrx_word' id='word_1_283' title='bbox 252 4305 294 4358; x_wconf 89' lang='lat' dir='ltr'>Dc</span> <span class='ocrx_word' id='word_1_284' title='bbox 312 4307 356 4358; x_wconf 85' lang='lat' dir='ltr'>hia</span> <span class='ocrx_word' id='word_1_285' title='bbox 373 4307 453 4359; x_wconf 89' lang='lat' dir='ltr'>libris</span> <span class='ocrx_word' id='word_1_286' title='bbox 471 4307 543 4358; x_wconf 84' lang='lat' dir='ltr'>infra</span> <span class='ocrx_word' id='word_1_287' title='bbox 564 4321 649 4374; x_wconf 84' lang='lat' dir='ltr'>pauca</span> <span class='ocrx_word' id='word_1_288' title='bbox 666 4307 813 4376; x_wconf 78' lang='lat' dir='ltr'>proteram.</span> 
     </span>
    </p>

    <p class='ocr_par' dir='ltr' id='par_1_9' title="bbox 193 4392 687 4462">
     <span class='ocr_line' id='line_1_37' title="bbox 193 4392 687 4462; baseline 0 -16"><span class='ocrx_word' id='word_1_289' title='bbox 193 4395 218 4462; x_wconf 71' lang='lat'>⁴]</span> <span class='ocrx_word' id='word_1_290' title='bbox 256 4394 306 4446; x_wconf 86' lang='lat' dir='ltr'>Lil.</span> <span class='ocrx_word' id='word_1_291' title='bbox 324 4393 473 4446; x_wconf 81' lang='lat' dir='ltr'>Centralbl.</span> <span class='ocrx_word' id='word_1_292' title='bbox 495 4392 568 4445; x_wconf 83' lang='lat'>1872.</span> <span class='ocrx_word' id='word_1_293' title='bbox 587 4409 611 4461; x_wconf 90' lang='lat' dir='ltr'>p.</span> <span class='ocrx_word' id='word_1_294' title='bbox 630 4393 687 4446; x_wconf 79' lang='lat'>5³2.</span> 
     </span>
    </p>

    <p class='ocr_par' dir='ltr' id='par_1_10' title="bbox 194 4479 588 4552">
     <span class='ocr_line' id='line_1_38' title="bbox 194 4479 588 4552; baseline 0.003 -21"><span class='ocrx_word' id='word_1_295' title='bbox 194 4481 218 4552; x_wconf 61' lang='grc' dir='ltr'>ὅ]</span> <span class='ocrx_word' id='word_1_296' title='bbox 255 4480 271 4534; x_wconf 93' lang='lat' dir='ltr'>l.</span> <span class='ocrx_word' id='word_1_297' title='bbox 290 4481 306 4532; x_wconf 93' lang='lat' dir='ltr'>l.</span> <span class='ocrx_word' id='word_1_298' title='bbox 326 4480 400 4532; x_wconf 80' lang='lat'>1871.</span> <span class='ocrx_word' id='word_1_299' title='bbox 419 4496 443 4548; x_wconf 90' lang='lat' dir='ltr'>p.</span> <span class='ocrx_word' id='word_1_300' title='bbox 462 4479 530 4530; x_wconf 86' lang='lat'>1110</span> <span class='ocrx_word' id='word_1_301' title='bbox 548 4493 588 4548; x_wconf 84' lang='lat' dir='ltr'>aq.</span> 
     </span>
    </p>

    <p class='ocr_par' dir='ltr' id='par_1_11' title="bbox 196 4561 950 4638">
     <span class='ocr_line' id='line_1_39' title="bbox 196 4561 950 4638; baseline -0.011 -17"><span class='ocrx_word' id='word_1_302' title='bbox 196 4569 220 4638; x_wconf 71' lang='lat' dir='ltr'>‘j</span> <span class='ocrx_word' id='word_1_303' title='bbox 256 4567 346 4620; x_wconf 79' lang='lat' dir='ltr'>Goetl.</span> <span class='ocrx_word' id='word_1_304' title='bbox 363 4567 414 4636; x_wconf 91' lang='lat' dir='ltr'>gel.</span> <span class='ocrx_word' id='word_1_305' title='bbox 435 4567 503 4618; x_wconf 86' lang='lat' dir='ltr'>Anz.</span> <span class='ocrx_word' id='word_1_306' title='bbox 523 4565 598 4619; x_wconf 80' lang='lat'>1872.</span> <span class='ocrx_word' id='word_1_307' title='bbox 617 4583 641 4636; x_wconf 93' lang='lat' dir='ltr'>p.</span> <span class='ocrx_word' id='word_1_308' title='bbox 661 4567 712 4620; x_wconf 81' lang='lat'>769</span> <span class='ocrx_word' id='word_1_309' title='bbox 730 4583 790 4636; x_wconf 83' lang='lat' dir='ltr'>sqq.</span> <span class='ocrx_word' id='word_1_310' title='bbox 808 4561 950 4636; x_wconf 81' lang='lat' dir='ltr'>[Sauppe]</span> 
     </span>
    </p>
   </div>
   <div class='ocr_carea' id='block_1_4' title="bbox 0 0 1541 5070">
    <p class='ocr_par' dir='ltr' id='par_1_12' title="bbox 0 0 1541 5070">
     <span class='ocr_line' id='line_1_40' title="bbox 0 0 1541 5070; baseline 0 0"><span class='ocrx_word' id='word_1_311' title='bbox 0 0 1541 5070; x_wconf 95' lang='lat' dir='ltr'> </span> 
     </span>
    </p>
   </div>
  </div>
 </body>
</html>
