3062 5070
611 384 818 448 ..15-

79 559 145 624 sed
170 560 294 624 lineola
308 558 507 641 superducto
521 562 596 622 sunt
617 557 734 622 deleto.
783 557 947 621 Differunt
962 561 1074 622 autam
1097 578 1223 640 manus,
1245 581 1333 644 quae

82 665 161 730 Aci.
192 683 261 728 var.
290 665 359 727 hist
382 663 553 745 descripsit
575 667 608 726 et
630 681 717 745 quae
739 662 882 726 indicem
907 663 1001 725 illum
1025 667 1219 749 composuit,
1249 669 1333 731 inter

81 787 133 847 se,
158 773 195 830 ut
218 767 307 832 haud
330 768 426 832 facila
450 769 552 849 possis
575 768 634 831 tibi
656 767 858 848 persuadere
885 767 928 830 ab
952 767 1070 831 eodem
1096 766 1228 833 homine
1253 772 1334 835 hacc

83 892 161 937 esse
184 874 314 954 scripta.

195 975 363 1060 Quidquid
387 981 500 1040 autem
532 977 648 1038 statuis
670 975 734 1039 hac
756 975 789 1037 in
811 993 863 1052 re,
897 975 959 1038 hoo
981 979 1070 1038 certe
1093 975 1223 1041 videtur
1245 986 1334 1044 recto

82 1099 125 1144 se
152 1081 278 1144 habere
300 1081 310 1143 i
326 1102 346 1144 n
360 1099 413 1144 eu
425 1101 446 1142 n
458 1087 502 1144 te
524 1081 656 1144 saeculo
672 1080 761 1142 XVI.
790 1081 875 1142 imno
900 1077 1047 1142 codicem
1064 1098 1136 1143 essa
1152 1089 1335 1147 exaratum.

195 1183 328 1249 Addere
367 1185 462 1249 liceat
498 1186 531 1247 in
571 1183 689 1247 eodem
726 1181 835 1247 indice
872 1181 914 1246 de
952 1181 1076 1246 Cebeto
1113 1186 1196 1248 haec
1230 1187 1334 1250 tradi:

83 1285 225 1374 κέβητος
247 1296 302 1351 τοῦ
325 1286 463 1374 θηβαίου
487 1285 596 1365 πίναξι
619 1286 791 1372 γράμματα
812 1295 869 1350 τοῦ
892 1284 996 1350 καλοῦ
1020 1284 1223 1371 increpem:
1250 1293 1335 1354 unde

85 1395 121 1456 in
143 1392 287 1456 indicem
309 1393 410 1456 latine
432 1394 651 1474 conscriptum
674 1397 878 1473 assumptum
901 1392 1003 1456 iilud:
1031 1413 1125 1477 quam
1141 1414 1238 1457 mame
1253 1395 1335 1458 Jcm'

87 1497 245 1560 Luscoris
267 1496 458 1582 descriptam
482 1496 694 1580 conjiciendi

194 1601 373 1664 Praeterea
406 1603 425 1664 s.
449 1603 499 1683 1⁸,
529 1601 563 1663 in
593 1619 658 1684 quo
681 1599 813 1664 Cebetis
844 1601 959 1666 tabula
980 1602 1110 1685 incipit,
1140 1603 1173 1664 in
1204 1621 1335 1668 summa
1413 1661 1417 1668 .

86 1705 241 1786 margine
262 1704 380 1769 cadem
397 1724 522 1788 manus,
545 1705 588 1768 de
603 1724 670 1788 qua
685 1724 785 1786 supra
808 1705 885 1783 dixi,
908 1706 1142 1769 adnotaverat:
1164 1708 1217 1771 Aa
1234 1705 1334 1772 Manu

88 1809 228 1892 Murum,
260 1808 318 1872 sed
352 1810 522 1873 vocabulis
545 1809 598 1871 An
629 1815 660 1872 et
684 1808 812 1872 Masuri
840 1810 961 1874 lineola
989 1810 1187 1892 superducta
1217 1811 1334 1879 deictis

87 1913 156 1976 alia
190 1913 321 1977 videtur
354 1933 470 1977 manus
493 1915 698 1995 apposuisse:
733 1913 765 1978 J.
790 1913 949 1978 Losraria
995 1913 1193 1997 Quodnam
1216 1937 1333 1982 verum

87 2020 138 2096 sit,
161 2020 195 2082 in
219 2018 329 2082 medio
351 2019 547 2102 relinquam.

194 2122 260 2186 Sed
282 2125 350 2185 iam
370 2120 612 2204 aggrediamur,
636 2122 724 2204 quod
747 2123 841 2186 nobis
863 2125 1101 2207 proposuimus,
1123 2143 1163 2186 ao
1179 2144 1265 2206 quac
1284 2145 1335 2189 co-

88 2226 201 2290 dicum
225 2245 325 2307 supra
347 2226 557 2289 laudatorum
580 2227 621 2290 sit
644 2227 736 2303 ratic,
759 2245 969 2308 quaeramus.

198 2623 223 2690 1)
259 2622 501 2690 Schweigh.1798.
515 2623 597 2691 praei,
611 2639 634 2691 p.
644 2581 739 2676 CXXi.
752 2623 832 2677 Dros.
845 2625 927 2692 praes.
939 2641 961 2692 p.
975 2621 1020 2675 1v.
1034 2623 1117 2676 Gron.
1131 2624 1213 2691 praes.
1227 2641 1250 2692 p.
1261 2627 1291 2657 *⁵
1304 2625 1329 2678 3.
