3062 5070
540 1299 742 1425 tosti
777 1302 861 1428 tv.

483 1529 533 1602 ot
557 1525 734 1600 totitatis
757 1528 940 1604 enthelen

187 1759 329 1824 Codices
350 1778 425 1822 mss.
459 1762 635 1841 postquam
669 1758 900 1842 tractavimus‚
940 1758 982 1823 de
1005 1759 1149 1823 editione
1172 1760 1326 1845 principe,

82 1887 159 1929 eum
183 1881 282 1927 nemo
304 1863 420 1946 adhue,
443 1880 531 1945 quse
553 1863 623 1925 eius
647 1864 733 1924 esset
746 1861 909 1940 condicta,
932 1863 1140 1944 quaesiverit,
1162 1881 1270 1944 panea
1290 1863 1327 1927 li·

81 1975 156 2032 cest
168 1966 304 2032 addere.
350 1967 400 2030 De
423 1985 490 2050 qua
512 1985 587 2030 oum
610 1966 712 2030 aliem
734 1965 818 2028 alius
831 1965 1018 2046 protulisset
1033 1967 1234 2046 sententiam,
1257 1964 1326 2048 phi·

84 2074 160 2136 rimi
184 2069 446 2150 consenserunt¹l
469 2072 502 2133 in
525 2069 667 2134 editione
689 2069 758 2132 sine
780 2070 854 2153 looi,
877 2070 951 2132 anni
976 2075 1009 2134 et
1031 2071 1228 2153 typographi
1249 2075 1327 2134 nota

82 2178 219 2251 emissa,
254 2193 353 2257 quam
385 2174 520 2258 quidem
549 2174 745 2237 Zachariam
775 2171 974 2255 Galliergenr
1001 2192 1135 2238 curasse
1162 2174 1325 2238 elittera·

83 2299 156 2342 rum
188 2281 296 2342 torma
317 2277 562 2358 mnteoerune).
617 2277 682 2342 Sed
708 2279 835 2342 monuit
857 2274 1017 2357 Brunet³),
1040 2297 1115 2340 oum
1136 2279 1326 2342 simillimae

83 2389 193 2447 essent
215 2383 293 2446 illae
317 2383 444 2445 litterae
467 2383 520 2458 iis,
551 2381 671 2464 quibus
699 2401 777 2444 usus
807 2385 891 2445 esset
912 2379 1092 2463 Gallierges
1113 2382 1148 2444 in
1169 2382 1237 2446 alia
1259 2381 1326 2445 edi·

83 2489 182 2565 tione,
205 2506 307 2570 quam
323 2505 352 2549 a.
365 2487 449 2550 1517
466 2483 665 2568 emisisset),
686 2483 793 2548 videri
815 2486 899 2549 hana
920 2484 1095 2549 editionem
1111 2487 1325 2567 posteriorem

84 2609 157 2656 esse
181 2591 310 2676 Aldina,
332 2609 419 2674 quae
441 2591 512 2654 sine
534 2589 611 2652 anni
631 2593 708 2652 note
730 2591 818 2652 eirea
839 2609 868 2653 a.
891 2590 976 2653 1503
999 2588 1209 2671 prodiissetl)

84 2816 499 2830 ———--—

191 3022 479 3093 ¹)Schwsigh.1798.
507 3022 590 3091 praes.
610 3037 635 3090 p.
657 3021 757 3074 CXXX
776 3037 816 3090 sq.
851 3019 971 3072 Fabricii
990 3019 1058 3072 bibl.
1075 3035 1115 3089 gr.
1134 3035 1189 3072 eur.
1223 3018 1327 3072 Harles.

83 3111 117 3162 ll.
137 3127 162 3180 p.
180 3109 237 3162 706.
273 3111 378 3162 Panzer
400 3125 462 3162 ann.
489 3113 546 3178 typ.
564 3107 613 3162 11L
631 3125 671 3161 nr.
689 3108 765 3161 28³2.
802 3107 873 3160 Hain
893 3111 993 3176 repert.
1011 3106 1078 3160 bibl.
1097 3105 1326 3160 satietatem.

84 3198 233 3250 Hotimann
252 3197 304 3249 lex.
323 3196 388 3248 bibl.
407 3213 426 3248 s.
444 3215 469 3249 v.
487 3193 581 3248 Cebes.
598 3193 619 3247 1.
637 3193 689 3265 Aa,
707 3213 731 3248 α.

189 3283 213 3354 ¹]
242 3287 359 3351 Κὰβητος
376 3287 461 3348 πιναξ.
486 3285 627 3336 Βασιλιιου
644 3299 690 3336 του
708 3281 838 3351 hispalim>
856 3283 940 3349 λογος
957 3299 1023 3349 προς
1040 3297 1102 3346 τους
1118 3297 1202 3346 oneng,
1219 3295 1275 3342 πως
1292 3295 1325 3331 αν

84 3373 242 3440 Ελληνικων
267 3374 414 3437 spetioso
439 3372 537 3438 λογων.
571 3371 745 3437 Πλουταρχου
771 3385 830 3435 περι
861 3371 967 3422 Παιδων
991 3384 1110 3436 αγωγης.
1154 3369 1325 3432 Europenses

85 3459 172 3524 lepos.
212 3457 249 3511 8⁰.
284 3486 320 3498 -
354 3456 444 3508 Huius
470 3456 601 3508 editionis
628 3455 773 3524 exemplar
798 3453 955 3506 Florentiae
981 3459 1123 3508 servatum
1159 3451 1325 3523 (Bendinins

86 3549 134 3595 rel.
162 3543 228 3597 bibl.
255 3543 334 3596 Lanr.
369 3542 403 3595 11.
441 3559 464 3612 p.
491 3543 555 3613 571]
588 3541 706 3595 eontulit
738 3559 760 3595 a.
789 3540 858 3593 1874
884 3541 934 3595 Th.
952 3541 1062 3594 Karrer.
1107 3539 1205 3593 Libros
1231 3545 1325 3592 eutem

87 3631 234 3698 impressos
268 3646 364 3683 omnes
399 3647 413 3681 e
450 3629 517 3681 bibl.
544 3629 624 3682 Laur.
658 3629 806 3682 translatos
833 3643 890 3680 esse
916 3629 946 3680 in
973 3626 1238 3696 Maglisbechisnam
1268 3641 1327 3676 mo-

88 3719 147 3768 nnit
172 3735 215 3770 me
241 3717 272 3770 G.
292 3716 393 3769 Vitelli.
418 3746 455 3756 —
481 3715 521 3768 De
541 3715 620 3768 Zaoln
638 3715 706 3768 Call
742 3717 773 3769 of.
790 3713 897 3766 Nicolei
923 3713 1019 3768 Gescla
1043 3714 1069 3766 d.
1094 3713 1250 3781 neugriech.
1276 3711 1326 3763 Lit.

90 3821 113 3872 p.
130 3804 172 3857 32.
190 3804 231 3856 41.
243 3804 301 3858 231.
336 3803 501 3871 Bernhardy
512 3802 632 3856 Grundr.
650 3803 676 3855 d.
693 3819 734 3872 gr.
753 3802 816 3855 Litt.
833 3801 857 3854 h
876 3801 973 3855 Bearb.
990 3800 1010 3855 L
1028 3818 1054 3871 p.
1072 3799 1129 3853 752.
1156 3799 1190 3852 Α.
1208 3797 1327 3850 Firmin-

89 3890 174 3944 Didot
193 3891 266 3943 Alde
282 3890 403 3942 Menace.
421 3889 505 3943 Paris.
524 3891 598 3943 1875.
616 3906 641 3959 p.
659 3889 710 3942 544
727 3905 786 3958 sqq.

192 3976 216 4048 ¹)
234 3976 304 4028 hlan.
322 3977 361 4028 du
379 3975 441 4028 libr.
459 3977 482 4028 5.
500 3975 542 4029 dd.
559 3992 579 4028 s.
597 3994 621 4029 v.
640 3975 733 4030 Cebes

189 4063 215 4134 ⁴)
250 4061 364 4116 Homeri
390 4064 526 4132 interpres
553 4066 734 4132 pervetustus
785 4060 906 4130 Romae,
934 4061 965 4112 in
991 4059 1076 4113 domo
1104 4059 1206 4128 Angeli
1236 4056 1327 4111 Collo·

89 4150 222 4220 tti,1517.

161 4253 163 4259 ’
190 4236 214 4306 ⁸]
232 4235 406 4288 Constantini
427 4233 548 4286 Laetaris
566 4233 714 4303 Byzantini
732 4234 766 4286 de
785 4237 848 4287 octo
867 4232 993 4303 pertibus
1018 4231 1151 4284 orationis
1170 4229 1252 4282 Liber
1270 4229 1327 4282 Pri-

90 4337 156 4374 mos
193 4321 324 4374 Eiusdem
350 4320 385 4372 de
412 4320 623 4374 construetione
658 4320 741 4373 Liber
768 4319 911 4392 secundus.
948 4318 1081 4373 Eiusdem
1109 4317 1143 4370 de
1165 4317 1276 4370 nomine
1299 4323 1326 4370 et

89 4408 174 4460 verbo
195 4407 277 4460 Liber
295 4407 400 4460 tertius
418 4447 424 4459 .
441 4445 472 4460 ..
516 4405 631 4460 Cebetis
649 4406 745 4460 tabula
762 4411 789 4459 et
808 4422 906 4476 graece
923 4410 951 4459 et
969 4405 1064 4474 latina,
1082 4419 1152 4474 opus
1170 4402 1282 4472 morale,
1300 4407 1327 4454 et

92 4495 158 4547 utile
182 4494 311 4548 omnibus
344 4497 371 4544 et
405 4495 550 4564 praecipue
575 4493 797 4546 adulescentibus
824 4533 830 4546 .
857 4532 863 4546 .
889 4532 896 4546 .
922 4533 928 4546 .
975 4492 1096 4546 venetiis
1112 4490 1187 4562 opud
1214 4488 1328 4542 Aldnm.

89 4581 123 4634 4⁰.
143 4611 179 4622 -
195 4581 227 4634 es.
245 4579 396 4636 Renouard
413 4597 477 4634 ann.
495 4580 529 4633 de
547 4581 648 4650 l'impr.
667 4580 715 4632 des
725 4579 819 4635 Aliles.
838 4578 915 4650 aod.
932 4581 1016 4634 Poris.
1034 4579 1109 4633 1625.
1126 4575 1160 4632 11.
1178 4575 1327 4646 ploosqq.
