3062 5070
630 397 831 462 ..11-

213 568 297 634 cum
312 575 423 635 autem
433 565 709 639 BDEE'PRVW
725 571 836 634 omnia
850 606 892 617 —
908 575 1046 652 excepto
1068 571 1139 651 ipso
1162 569 1267 634 libelli
1278 571 1350 647 tine,

106 675 167 758 qui
200 675 272 739 sola
304 677 439 740 arabica
471 677 623 740 versione
657 680 806 740 servatus
841 680 889 738 est
913 711 956 720 -
979 675 1156 738 exhibeant
1179 691 1285 756 usque
1307 673 1349 737 ad

107 779 273 844 vocabula
305 776 421 856 ἱκανῶς
455 799 507 863 μοι
541 778 646 856 δοκεῖς
680 777 783 863 λέγειν
814 777 892 862 ἔφην
937 779 1011 842 incl.
1045 779 1137 857 (XLI
1166 779 1223 857 4),
1268 775 1349 840 desi·

105 887 190 946 nunt
211 883 414 965 reliquorum
437 884 496 947 alii
519 919 558 930 -
583 883 710 948 codices
725 878 791 951 CK
813 881 885 946 dico
907 919 950 928 -
972 883 1006 946 iu
1029 882 1198 946 vocabulis
1220 879 1272 944 διὰ
1293 881 1350 964 τὴν

105 993 165 1050 τοῦ
188 985 316 1071 ἀγαθοῦ
340 987 470 1071 ἄγνοιαν
494 985 569 1066 (XL
587 987 631 1069 2),
654 990 739 1053 elius
760 988 796 1058 A
818 991 852 1052 in
876 989 1043 1054 vocabulis
1066 987 1173 1071 ὥσπερ
1196 987 1350 1072 πρότερον

104 1091 240 1170 (XXIII
253 1093 297 1172 2),
320 1087 445 1160 aliusIr
467 1093 674 1174 -plagulae
697 1097 792 1174 enim,
815 1093 934 1178 quibus
952 1093 1081 1176 reliqua
1093 1094 1350 1170 continebantur,

104 1199 183 1258 suut
203 1196 368 1260 abscissae
383 1231 426 1244 ·-
446 1203 479 1260 iu
498 1197 666 1260 vocabulis
688 1199 768 1282 γυνὴ
791 1197 1013 1282 καθεστηκυῖα
1036 1194 1157 1279 εὐειδὴς
1179 1216 1225 1273 τις
1247 1195 1351 1282 κάθη-

104 1321 158 1366 ται
181 1302 281 1380 (XXI
296 1303 342 1382 3).
367 1301 505 1368 Codices
520 1297 622 1370 Aci(
637 1309 748 1368 autern
771 1321 834 1367 non
857 1323 935 1368 casu
958 1304 1070 1385 aliquo
1092 1307 1166 1365 suut
1190 1303 1351 1380 mutilati3

108 1425 150 1470 ac
172 1408 230 1490 qui
243 1407 372 1472 codices
384 1401 451 1474 CK
473 1408 608 1492 quidem
632 1415 863 1487 exaraverunt,
886 1426 941 1471 eos
963 1426 1027 1471 non
1049 1407 1146 1488 plura
1167 1407 1351 1487 repperisse

105 1509 139 1572 in
173 1510 340 1576 codicibus
367 1533 386 1578 e
409 1515 476 1578 tota
510 1513 701 1576 ultimorum
736 1511 974 1588 vocabulorum
1007 1512 1134 1574 ratione
1169 1529 1209 1572 ae
1243 1511 1349 1573 sonna

105 1614 256 1680 conicere
270 1617 354 1681 licet.
388 1616 485 1700 Quod
508 1621 617 1680 utrum
641 1615 683 1679 ad
706 1635 783 1680 eum
807 1618 906 1679 etiarn
930 1616 1099 1698 pertineat,
1122 1615 1179 1696 qui
1201 1614 1347 1677 codicem

105 1715 141 1784 A
164 1722 398 1804 transscripsit,
434 1720 592 1804 dubiun1;
625 1721 665 1784 Η.
688 1721 795 1783 Dulac
817 1721 920 1797 enirn,
954 1725 1126 1801 postquam
1154 1716 1196 1781 de
1222 1717 1350 1780 duabus

105 1823 179 1887 aliis
201 1825 368 1903 manibus,
401 1843 422 1888 a
445 1825 564 1907 quibus
585 1825 706 1907 reliqui
729 1821 834 1888 libelli
856 1825 917 1886 hoc
939 1821 1051 1887 codice
1073 1822 1214 1885 conteuti
1238 1823 1350 1902 scripti

104 1931 188 2012 sunt,
215 1926 306 2008 dixit,
332 1930 366 1992 iu
381 1929 496 1993 litteris
511 1929 555 1993 sd
570 1927 720 1992 medatis
743 1931 826 1992 haec
847 1927 958 1992 addit:
981 1927 1032 1992 La
1044 1928 1200 1992 troisidmc
1213 1927 1348 1990 irritare

106 2031 182 2095 celle
215 2033 269 2115 qui
302 2053 323 2095 a
357 2032 434 2096 terit
466 2031 497 2096 la
523 2033 632 2116 partie
659 2031 702 2096 du
725 2032 850 2096 tableau
866 2032 912 2122 ¹de
935 2031 1026 2097 oetas
1048 2033 1193 2096 conservi
1214 2031 1297 2095 duras
1319 2031 1349 2095 le

107 2134 282 2200 Parisinus
315 2139 399 2216 858,
434 2157 473 2201 rte
505 2159 653 2202 rocouore
683 2159 740 2222 quc
774 2136 806 2200 la
825 2138 932 2220 partie
960 2137 1135 2222 inscribere
1165 2136 1209 2199 du
1225 2135 1281 2220 s⁰.
1303 2137 1349 2201 28

105 2247 190 2304 recto
213 2247 279 2305 tout
301 2241 330 2306 le
352 2262 438 2305 verso
461 2241 505 2305 du
519 2241 564 2326 s0.
586 2243 632 2306 28
654 2249 682 2306 et
709 2242 736 2305 le
758 2248 842 2306 recto
864 2241 908 2304 du
923 2241 951 2326 s
955 2251 975 2306 ⁰.
997 2244 1050 2306 29.
1073 2239 1198 2305 Eneorc
1213 2241 1348 2304 luisse-t-

106 2343 164 2407 elle
190 2365 234 2406 au
267 2344 322 2408 bas
347 2345 391 2408 du
418 2352 499 2410 recto
533 2345 577 2409 du
591 2345 641 2430 st.
662 2349 706 2411 29
736 2367 780 2409 un
814 2366 923 2429 espace
956 2344 1034 2409 libre
1055 2367 1141 2409 assez
1164 2347 1346 2428 important.

107 2481 146 2493 -
171 2448 203 2510 A
226 2446 371 2513 l'endroit
398 2469 438 2512 ou
471 2450 527 2514 elle
560 2449 691 2514 s'orretc
712 2450 737 2514 it
759 2450 791 2514 η’
813 2471 833 2534 y
854 2472 875 2514 a
897 2452 932 2513 ni
954 2450 982 2513 le
1005 2456 1067 2514 mot
1088 2446 1199 2530 τὲλος“,
1232 2450 1268 2512 ni
1289 2468 1346 2512 au-

106 2571 168 2614 cun
191 2550 407 2636 cnjolivement
429 2554 464 2616 ni
486 2574 590 2618 aucun
620 2551 659 2618 dc
689 2575 737 2618 ces
759 2556 852 2618 troile
872 2576 930 2638 que
953 2553 995 2618 les
1018 2554 1148 2637 copistes
1171 2560 1298 2616 mettcnt
1320 2553 1348 2616 le

101 2655 178 2738 plus
199 2661 327 2720 souoent
345 2655 503 2740 lorsqu’ils
514 2665 568 2722 ont
580 2658 712 2721 termine‘
723 2679 766 2721 un
782 2678 926 2743 couroye.
964 2658 1142 2721 Praeterea
1158 2655 1217 2721 Ob.
1233 2657 1349 2721 Graux

106 2759 189 2824 baec
211 2761 354 2822 monuit:
382 2760 473 2824 Cebes
489 2782 660 2826 cornmence
683 2783 727 2825 au
752 2761 815 2846 sol.
838 2766 884 2827 28
905 2777 944 2826 r0.
965 2758 1228 2825 immediatemcnt
1249 2763 1345 2844 apris

103 2865 136 2928 la
161 2864 215 2947 fin
241 2862 319 2926 d'un
351 2865 448 2928 troilo
481 2865 673 2950 the'oloqiquc
706 2866 783 2930 dont
817 2867 842 2930 il
863 2866 942 2931 n'est
974 2866 1085 2949 separe'
1114 2884 1172 2948 que
1198 2883 1264 2946 por
1287 2884 1347 2926 one

104 2968 188 3052 lipne
209 2969 404 3032 ornamentis
426 2975 454 3032 et
477 2970 618 3034 colorie'e.
641 2969 676 3033 Il
696 2990 728 3034 se
750 2971 883 3034 termine
904 2990 973 3033 vers
989 2969 1016 3032 lc
1033 2968 1087 3032 bos
1102 2966 1146 3030 du
1149 2966 1214 3051 sol.
1229 2969 1273 3032 29
1291 2978 1346 3046 rffl.;

101 3091 145 3134 ou
161 3082 199 3138 ν’.
229 3091 400 3136 commeare
423 3093 467 3136 un
490 3093 632 3138 nouveau
654 3075 750 3138 traite'
771 3073 972 3158 tbtoloqique.

203 3175 242 3238 In
264 3175 381 3239 iisdem
405 3178 530 3256 verbis,
568 3179 743 3261 inquibus
771 3172 849 3258 GK,
873 3179 1002 3242 videtur
1027 3180 1127 3242 etiarn
1149 3171 1187 3243 M
1209 3173 1344 3239 desiisse

103 3299 178 3342 cum
213 3278 363 3344 editionis
397 3285 504 3344 textus
538 3283 668 3365 reliqua
701 3302 821 3365 graece
854 3302 918 3347 non
947 3284 1109 3367 exhibeat,
1143 3283 1176 3345 in
1198 3281 1348 3344 variante

105 3383 269 3466 scriptura
289 3387 401 3448 autem
424 3385 505 3447 nihil
530 3385 573 3449 de
595 3388 657 3450 hac
679 3392 917 3452 remoueatur.

202 3483 339 3551 Codices
370 3483 503 3555 KLPN
544 3491 681 3553 contulit
713 3491 774 3554 Th.
808 3491 952 3574 Karrer3
1004 3510 1023 3555 e
1067 3491 1234 3554 codicibus
1280 3483 1342 3555 EF

99 3589 274 3654 nonnullos
308 3595 435 3656 tanturn
468 3594 556 3657 locos
590 3595 832 3676 exscripserunt
865 3615 886 3660 a
919 3615 974 3660 me
1005 3595 1111 3677 rogati
1147 3594 1210 3656 viri
1246 3612 1347 3674 supra

100 3693 234 3757 laudati.

203 3799 360 3866 Codicem
382 3797 419 3869 Μ
442 3821 516 3865 cum
541 3802 717 3882 nonnulli¹)
746 3804 900 3884 suspicati
932 3808 1039 3868 essent
1062 3805 1161 3866 fuisse
1184 3802 1344 3880 Havniae,

99 3923 304 3988 quamquam
326 3905 648 3988 Schweighaeuser²)
682 3909 802 3970 frustra
831 3909 878 3973 ibi
907 3927 983 3972 eum
1011 3909 1242 3991 quaesiverat,
1275 3908 1346 3988 ipse

100 4009 265 4073 Havuiaur
298 4007 423 4074 litteras
457 4009 534 4074 dedi
567 4010 610 4075 ad
644 4012 752 4076 virum
781 4011 1041 4096 illustrissimum
1069 4013 1104 4074 Ρ.
1127 4011 1164 4076 G.
1187 4011 1343 4094 Thorsen,

207 4456 229 4520 't
264 4453 418 4524 schweich·
438 4455 511 4510 1⁷96.
531 4459 614 4526 praes.
633 4474 658 4527 p.
676 4459 799 4512 ‹rxxru
819 4457 899 4510 oros.
919 4459 1002 4527 praec
1021 4475 1046 4527 p.
1064 4457 1111 4508 rv.

206 4539 230 4612 'l
266 4539 340 4596 1798.
359 4545 442 4612 praet
460 4561 485 4614 p.
505 4542 585 4596 LXX.
