3062 5070
726 401 941 470 ..ης-

211 585 374 662 ethbeat,
403 580 553 664 apertum
577 585 632 645 est.
678 578 856 663 Quaeritur
878 583 999 663 autem,
1030 580 1141 640 utrum
1167 579 1268 641 ctiam
1291 578 1454 643 vocabula

210 695 273 752 τῶν
288 684 508 770 ἀνθρώπων),
535 703 622 768 quae
640 685 809 748 manifeste
827 683 1091 746 commentatoris
1115 701 1250 745 manum
1274 681 1452 763 produnt²),

211 791 400 875 praebuerit
428 807 540 853 necne.
584 789 633 852 Ac
662 807 750 870 quse
780 788 813 850 in
844 787 955 851 codice
985 770 1163 867 archetypo
1192 805 1292 867 supra
1321 806 1451 850 versum

212 900 304 959 crant
319 893 440 979 addito,
463 913 504 957 ea
526 898 704 976 utrumque
727 892 851 955 habere
874 891 1022 955 codicem
1044 889 1202 972 vidimus3
1233 890 1450 971 quamobrem

211 1001 374 1065 vocabula
403 1005 465 1062 τῶν
489 993 680 1079 ἀνθρώπων,
711 996 830 1078 quibus
862 995 905 1059 ob
938 995 1046 1075 ipsum
1070 993 1245 1056 articulum
1268 999 1331 1057 τῶν
1354 994 1452 1057 offen·

212 1093 359 1184 dimum,
383 1103 524 1168 defuisse
540 1097 574 1164 in
595 1100 708 1164 codice
730 1101 908 1181 archetypo
931 1096 1157 1181 statuendum3
1179 1096 1332 1161 videntur
1354 1099 1451 1179 igitur

210 1227 230 1273 e
261 1208 373 1273 codice
405 1207 517 1290 aliquo
550 1207 635 1268 inter
668 1205 888 1284 archetypum
921 1207 953 1266 et
986 1200 1133 1266 codicem
1170 1199 1205 1269 A
1238 1201 1451 1265 intercedenti

210 1316 379 1394 assumpto
408 1329 487 1388 esse.
531 1310 650 1391 Itaque
679 1309 779 1371 etiam
806 1308 865 1406 hic
885 1306 999 1371 codice
1021 1300 1055 1371 V
1079 1306 1257 1390 integriora
1279 1305 1451 1370 traduntur

211 1418 352 1481 auctoris
375 1415 488 1480 verba.

313 1573 347 1636 X
367 1572 397 1637 4.
419 1573 515 1636 Hunc
530 1571 640 1635 locum
655 1571 684 1633 si
699 1571 873 1634 contuleris
889 1589 964 1633 cum
987 1587 1035 1648 eo,
1058 1587 1159 1653 quem
1182 1568 1280 1632 modo
1305 1568 1450 1645 tractavi,

210 1693 274 1740 non
300 1677 396 1740 aliter
424 1673 636 1739 iudicandum
667 1692 738 1738 esse
768 1674 810 1738 de
840 1674 1009 1739 vocabulis
1036 1670 1074 1736 ἐκ
1096 1669 1324 1755 προαιρέσεως,
1355 1673 1450 1734 facile

210 1781 270 1844 tibi
291 1779 499 1864 persuadeas.
546 1779 594 1842 Ac
609 1777 738 1842 videtur
761 1779 864 1842 etiam
885 1778 1085 1860 archetypus
1108 1779 1179 1842 sola
1201 1779 1364 1842 vocabula
1387 1775 1449 1838 ἀπὸ

209 1881 291 1968 τύχη
324 1881 547 1966 συναντήσασα
577 1883 741 1962 habuisse,
772 1884 941 1965 equibus,
972 1888 1146 1965 postquam
1170 1882 1234 1944 ἀπὸ
1257 1879 1357 1966 τύχης
1380 1882 1449 1943 sive

210 1990 352 2052 correxit
382 1970 514 2070 aliquisi
531 1989 601 2052 sive
630 2005 709 2050 casu
731 1987 875 2051 litteram
899 2006 919 2049 σ
939 1987 989 2052 bIs
1011 1989 1148 2068 scripsit,
1178 1987 1275 2051 facile
1298 1991 1450 2068 corrupte

210 2095 259 2155 cst
288 2093 448 2173 scriptura
481 2086 657 2157 codicisV
686 2090 766 2170 (ἀπὸ
796 2098 852 2176 τῆς
883 2089 981 2176 τύχης
1006 2089 1210 2177 συναντὴσηλ·
1263 2089 1393 2158 CodIcis
1415 2086 1449 2156 A

209 2197 369 2278 scriptura
384 2200 496 2260 autem
511 2196 594 2260 sicut
607 2197 641 2260 in
664 2215 690 2261 c.
713 2195 793 2262 VIII
816 2197 834 2258 1
859 2195 917 2258 alii
938 2197 1023 2277 inter
1048 2197 1158 2278 Ipsum
1181 2199 1214 2259 et
1236 2197 1449 2276 archetypum

208 2296 422 2364 Intercedenti
437 2299 583 2378 debetur,
604 2300 718 2382 inquo
735 2298 897 2362 vocabula
920 2295 958 2360 ἐκ
980 2296 1195 2381 προαιρέσεως
1219 2318 1239 2363 a
1262 2303 1445 2362 correctore

210 2403 331 2488 aliquo,
353 2405 410 2486 qui
433 2405 494 2468 sub
509 2404 679 2468 vocabuIIs
701 2401 766 2464 ἀπὸ
781 2399 863 2486 τύχη
888 2403 991 2466 latere
1008 2402 1072 2465 ἀπὸ
1089 2401 1188 2488 τύχης
1214 2404 1449 2486 suspicabatur,

209 2511 380 2590 tamquam
397 2508 536 2573 adhaec
552 2509 716 2573 vocabula
739 2505 935 2570 econtrorIo
958 2506 1154 2571 illustranda
1178 2507 1329 2590 apposita
1351 2511 1448 2570 erant.

209 2611 359 2696 Uterque
384 2609 483 2694 igitur
509 2610 613 2677 codex
643 2615 798 2694 corrupto
812 2610 947 2674 exhibet
974 2612 1116 2675 suctorIs
1138 2611 1250 2689 verba,
1272 2612 1319 2674 ita
1341 2615 1449 2674 tamen

209 2720 246 2779 ut
267 2718 401 2798 propius
430 2716 588 2780 accedant
617 2715 660 2779 sd
689 2717 830 2798 genuina
852 2715 957 2780 verba
987 2733 1036 2799 ee,
1069 2733 1156 2798 quse
1177 2715 1210 2778 in
1232 2713 1268 2782 A
1290 2715 1448 2796 leguntur.

210 2818 392 2902 Quominus
423 2825 535 2884 autem
566 2839 642 2884 cum
664 2821 830 2884 Drosihno'
856 2824 888 2882 et
910 2819 950 2884 H.
972 2819 1117 2901 Souppio
1147 2820 1193 2901 (p.
1225 2819 1304 2900 773)
1336 2817 1449 2882 deberi

210 2925 309 2987 etiam
321 2925 522 2989 vocabulum
538 2921 761 3008 ουναντήοασα
777 2924 827 2987 iili
842 2924 1090 2987 commentatori
1097 2928 1248 3007 statuam,
1264 2924 1448 3005 prohibeor,

209 3034 441 3110 praeterquam
464 3029 552 3112 quod
575 3023 609 3096 V
631 3027 731 3092 habet
753 3025 951 3113 ουνοιντηση,
984 3029 1126 3092 auctoris
1148 3025 1383 3091 consuetudine
1402 3027 1447 3090 di-

209 3131 320 3210 cendi,
354 3151 422 3214 qus
454 3135 488 3197 in
510 3136 571 3199 hoc
594 3150 727 3216 quoque
748 3134 914 3197 enuntiato
937 3135 1020 3198 sicut
1042 3133 1076 3195 in
1107 3133 1292 3213 insequenti
1317 3130 1400 3210 (εἶτα
1421 3127 1447 3193 τί

208 3231 327 3316 γίνεται
350 3233 405 3300 ἐὰν
428 3235 450 3321 ἡ
474 3236 624 3320 μετάνοια
648 3237 734 3300 αὐτῶ
758 3234 953 3322 συναντήση)
984 3237 1147 3301 exstitisse
1172 3236 1275 3300 verbi.
1294 3243 1445 3300 συναντᾶν

209 3339 353 3403 formam
375 3342 521 3424 aIIquam
544 3341 727 3425 putandum
750 3347 806 3408 est.
860 3341 925 3407 Sed
952 3359 1061 3425 neque
1082 3342 1130 3405 Ite
1152 3340 1244 3404 locus
1265 3343 1315 3404 est
1342 3358 1446 3404 emen·

210 3601 623 3614 —am

313 3843 337 3914 ¹]
361 3841 507 3924 Idusquam
530 3843 559 3894 in
583 3843 679 3895 tabule
702 3843 817 3896 additur
840 3843 984 3911 genetivus
1008 3841 1144 3896 vocabulo
1170 3843 1266 3912 ὄχλος;
1294 3837 1342 3892 12
1366 3842 1445 3912 ὄχλος

210 3933 298 3982 ἑόὄκει
315 3932 376 3998 ἡμῖν
394 3931 479 3994 πολύς
496 3932 645 3997 ἐφεστάναι.
681 3929 694 3980 Ι
712 3929 728 3980 3
750 3933 835 3998 γέρων
854 3947 892 3995 τις
909 3957 944 3970 -
961 3932 1170 3996 προστάττοντι
1188 3935 1225 3998 τῷ
1243 3931 1348 3982 steron
1366 3932 1444 3998 ὄχλῳ.

210 4015 247 4066 IV
273 4015 288 4066 2
311 4020 359 4070 καὶ
383 4019 399 4070 d
424 4017 508 4084 ὄχλος
531 4019 546 4068 ὁ
569 4017 654 4080 πολύς
677 4019 693 4070 d
716 4047 751 4059 -
775 4019 899 4084 ἐφεστὼς.
936 4013 960 4065 V
982 4014 1193 4084 1εῐοπορτύετοιι
1211 4018 1226 4068 ὀ
1245 4017 1344 4084 ὄχλος,
1377 4013 1445 4066 vic

210 4108 273 4156 ὄταν
292 4106 339 4157 ούν
358 4105 539 4171 εἰοπορεύηται
557 4104 572 4154 ὄ
590 4105 682 4172 ὄχλος.
733 4101 844 4156 Delevit
872 4100 1007 4154 vocabula
1031 4120 1053 4156 τ.
1077 4106 1103 4157 d„
1127 4101 1207 4155 Dros.
1230 4104 1394 4154 assentiente
1416 4101 1445 4154 H.

210 4190 332 4258 Sairppio
351 4191 389 4262 (p.
407 4189 477 4259 770).

315 4277 339 4348 ²]
358 4276 477 4329 Videtur
493 4275 545 4330 hoc
563 4276 753 4330 additamento
772 4277 899 4331 homiues
916 4277 992 4346 ipsos
1010 4278 1075 4350 [ὄόύ
1088 4279 1172 4344 πολύς
1191 4278 1288 4348 ὄχλος)
1311 4292 1444 4346 opponere

210 4363 330 4416 voluisse
354 4364 502 4416 hominum
524 4364 666 4418 affectibus
694 4365 782 4435 (ὄύξοιι
797 4369 846 4418 καὶ
863 4366 996 4434 ἐπιθυμίαι
1013 4371 1060 4420 καὶ
1077 4367 1171 4435 ddecet
1189 4364 1228 4416 VI
1246 4365 1294 4435 2),
1321 4365 1370 4432 qui
1398 4363 1444 4417 sub

210 4450 378 4502 seminarum
394 4450 564 4520 Imaginibus
582 4451 753 4521 effinguntur
771 4451 891 4522 (πληθύς
907 4469 932 4514 τι
948 4458 1082 4521 γυναικῶν
1099 4449 1137 4503 v1
1156 4451 1192 4522 1).

314 4539 339 4608 ³]
357 4537 370 4589 I
387 4538 411 4591 3.
428 4538 468 4590 VI
486 4539 502 4590 1
518 4539 624 4608 πληθύς
640 4556 665 4593 τι
682 4543 825 4608 γυναικῶν.
854 4537 907 4592 XX
924 4539 941 4592 2
958 4542 1040 4608 χορὸν
1057 4543 1201 4610 γυναικῶν.
