3062 5070
580 400 795 464 ..32-

49 568 201 637 XXXII
221 573 252 638 4.
274 567 465 638 XXXIIII'
486 571 660 658 ἄληᾶεινὴν
714 570 872 657 ἀληθινὴν
1014 627 1017 634 ,

50 672 197 742 XXXV
221 677 241 740 5
264 673 352 740 ίσται
373 674 445 759 ὑμίν
712 675 783 760 ὑμῖν
808 675 895 743 ἔσται
918 671 1134 746 VBRDWP

711 783 799 847 ἔσται
827 777 894 852 GK

714 889 833 956 κίτται
844 885 880 954 0³
902 892 934 952 et
952 887 987 950 in
1005 908 1108 974 marg.
1120 891 1195 956 edd.
1212 889 1310 974 κὺμῖν

52 985 229 1054 XXXVII
249 971 270 1054 3
293 990 395 1054 κακὸν
419 988 469 1054 δεῖ
488 988 632 1076 ὑπῆρχεν
709 995 813 1058 κακὸν
836 999 901 1070 τοῖς
924 989 1002 1070 ζῶσι
1024 996 1128 1059 κακον
1152 993 1191 1078 δὴ
1212 993 1310 1078 ὑπῆρ-

754 1118 811 1182 χεν
826 1093 1073 1167 VBRDWPC

710 1201 814 1265 κακὸν
837 1208 902 1278 τοῖς
924 1198 1003 1279 ζῶσι
1019 1198 1129 1279 καλῶς
1145 1200 1249 1267 κακὸν
1266 1198 1308 1284 δὴ

122 1389 127 1396 Ι
754 1304 897 1390 ὑπῆρχεν
930 1301 967 1373 Κ

56 1401 218 1470 XXXIX
241 1407 262 1472 2
284 1403 427 1492 φαίνεται
712 1408 750 1471 οὐ
773 1406 916 1491 φαίνεται

58 1507 218 1576 XXXIX
240 1513 261 1575 5
282 1509 426 1595 εὐπόρως
580 1527 586 1536 ’
713 1509 868 1596 ἐμπείρως

59 1615 122 1680 XL
146 1619 165 1680 1
190 1612 398 1702 παρατάττων
710 1614 865 1702 ταράττον

165 1926 220 1992 Ab
241 1928 291 1991 his
313 1930 426 1991 autem
448 1927 536 2012 Iocis,
559 1930 595 1990 ui
616 1945 725 2011 supra,
747 1928 963 1994 secernendos
986 1928 1067 1993 duxi
1090 1947 1156 2013 ecs,
1188 1928 1309 2012 quibus

61 2034 172 2097 inesse
194 2033 376 2114 scripturae
399 2031 652 2114 discrepantiam
674 2035 730 2096 tuo
752 2033 824 2097 iure
846 2051 959 2116 neges:

341 2149 379 2220 Μ
627 2151 629 2156 ’
870 2150 1158 2224 VBRDWPOK

61 2273 179 2340 XXIII
200 2276 223 2339 4
246 2273 279 2337 ἐν
303 2274 389 2358 αὐτῷ
714 2272 748 2338 ἐν
772 2271 875 2338 ἑαυτῶ

62 2378 178 2446 XXIV
202 2379 307 2445 21‘mb
332 2376 511 2457 ἀλαζονίας
715 2376 769 2441 ὑπ’
791 2375 979 2456 ἀλαζονείας

62 2482 181 2551 XXIV
204 2487 224 2550 3
251 2482 368 2561 αὑτοὺς
698 2478 847 2558 ’ἑαυτοὺς

62 2587 163 2656 XXV
185 2592 206 2656 2
229 2587 384 2653 ἐπεπᾶκει
712 2585 874 2652 ἐπεπώκει

60 2691 177 2761 XXVI
200 2695 218 2759 1
242 2699 305 2757 τῶν
329 2691 443 2777 ἰατρῶν
711 2693 765 2758 τὸν
788 2690 895 2774 ἰατρὸν

60 2799 179 2863 XXIX
199 2801 220 2864 3
243 2797 359 2874 αὐτοὺς
712 2797 826 2870 αὐτοὺς

61 2903 178 2968 XXIX
198 2903 221 2968 4
242 2899 446 2984 ίξελούμεναί
711 2898 896 2983 ἐξελόμεναι

62 3008 179 3072 XXXI
201 3005 221 3070 3
245 3003 330 3070 ἀλλὰ
356 3005 426 3090 εἰκῆ
714 3001 788 3068 ἄλλ’
810 3001 880 3087 εἰκῇ

62 3109 212 3178 XXXIV
235 3113 255 3175 2
278 3108 442 3195 φαίνονται
712 3105 884 3192 φαίνωνται

63 3217 194 3282 XXXV
216 3218 234 3279 1
260 3213 447 3301 ἑγγύζοντες
712 3211 891 3298 ἐγγίζοντες

65 3317 215 3388 XXXIX
237 3323 257 3385 2
280 3317 349 3384 οὐδ’
370 3318 403 3385 ἐν
714 3316 808 3383 οὐδὲν
998 3315 1002 3326 ’

65 3429 124 3492 XL
146 3430 164 3494 1
189 3431 282 3490 τοῦτο
306 3421 335 3486 δ’
357 3421 423 3488 ἐστι
713 3427 807 3487 τοῦτο
831 3419 867 3484 δὲ
891 3418 956 3483 ἔστι
979 3414 1224 3488 VBRDWPC

710 3531 805 3590 τοῦτο
829 3522 894 3588 ἐστι
915 3518 954 3591 Κ

166 3809 241 3874 Uno
263 3811 375 3872 autem
397 3808 469 3872 loeo
491 3805 622 3886 (XXVI
645 3806 695 3887 1),
728 3803 807 3888 quid
828 3804 862 3868 in
883 3802 997 3869 codice
1018 3803 1117 3868 fuerit
1139 3803 1309 3887 scriptum,

68 3913 212 3980 dubitem

68 4057 108 4136 [p.
131 4054 218 4132 133.]
262 4052 344 4118 leid.
367 4056 411 4136 [p.
433 4053 499 4131 40.]
530 4072 608 4117 scre.
630 4055 661 4126 8,
712 4056 757 4114 τῶ
780 4051 816 4114 τὸ
840 4041 994 4134 κηρύκιον
1017 4047 1130 4130 ἄντρον
1158 4039 1193 4114 V

97 4157 155 4222 ·Τὸ
191 4155 351 4242 reprimor
385 4157 515 4240 ἄντρον)
545 4162 590 4240 τῷ
622 4157 659 4220 τὸ
711 4156 747 4219 τὸ
770 4151 948 4237 κωρὺκειον
971 4153 1084 4236 ἄντρον
1102 4145 1206 4219 BRK

108 4260 217 4346 κύριον
711 4265 755 4324 τῶ
777 4255 955 4343 κωρὺκειον
979 4257 1092 4340 ἄντρον
1115 4249 1263 4321 Dch¹

710 4369 754 4427 τῶ
777 4361 946 4446 κορὺκτιον
970 4362 1083 4444 ἄντρον
1104 4353 1132 4425 C

71 4506 132 4588 ubi,
154 4505 302 4572 locorum
324 4521 424 4586 supra
445 4505 492 4588 (ρ.
504 4503 562 4584 27)
584 4519 605 4566 s
627 4519 682 4566 me
705 4502 944 4586 exscriptorum
965 4501 1125 4566 rationem
1148 4499 1176 4564 si
1199 4497 1309 4588 hebes,
