3062 5070
698 385 900 448 ...12-

181 558 399 622 bibliothecae
421 558 642 638 praefectum,
676 557 733 620 sad
758 555 837 620 nihil
859 559 1024 641 comperi3
1057 577 1118 622 neo
1151 560 1214 621 viri
1247 559 1420 622 clarissimi

181 661 233 726 Fr.
256 663 395 744 spiegel,
418 663 582 743 professor
604 657 835 743 Erlangensis‚
868 677 929 726 nec
951 663 989 727 G.
1013 659 1227 743 Laubmann,
1266 663 1326 745 qu'i
1348 667 1422 725 meu

180 768 287 847 gratia
309 766 509 828 Havnienses
533 765 700 842 adierunt,
723 767 981 846 impetraverunt
1003 767 1046 830 ab
1068 767 1116 844 iis,
1138 771 1174 829 ut
1187 765 1424 846 responderent

182 870 280 952 mihi3
304 869 520 952 quamobrem
544 868 586 932 de
609 870 669 931 hac
691 868 825 951 quidem
848 889 885 933 re
907 870 987 932 nihil
1004 871 1124 933 certius
1138 887 1271 952 possum
1287 869 1434 933 referre?

284 990 442 1055 Codicum
455 985 519 1056 BD
542 992 727 1074 scripturas,
750 989 792 1053 de
815 991 934 1072 quibus
957 991 1021 1052 viri
1043 990 1215 1054 clarissimi
1238 989 1296 1054 Oh.
1308 991 1424 1054 Graux

183 1100 215 1158 et
237 1095 276 1159 H.
301 1096 407 1159 Dulao
428 1096 509 1159 nihil
532 1098 745 1171 monuerunt,
774 1113 792 1157 a
814 1091 1121 1176 Schweighaeuseri
1143 1093 1284 1158 editIone
1306 1095 1425 1174 (1806)

182 1200 354 1281 exscripsi;
376 1203 522 1264 ceterum
544 1217 627 1262 saec.
644 1198 715 1262 XV.
736 1202 877 1261 exeunte
899 1199 1055 1278 seriptum
1078 1217 1150 1262 esse
1172 1194 1347 1264 Bmonuit
1369 1217 1425 1262 me

181 1304 222 1367 H.
244 1304 359 1367 Dulac.

283 1425 462 1488 Praeterea
474 1424 602 1487 Romae
623 1425 687 1487 vin'
709 1424 882 1488 clarissimi
904 1423 963 1487 Th.
976 1425 1155 1506 Karreret
1179 1425 1215 1488 A.
1231 1424 1320 1503 Mau,
1345 1446 1423 1488 num

181 1533 325 1592 exstaret
362 1528 468 1592 codex
503 1527 663 1605 Urbinas,
709 1545 810 1609 quem
847 1525 975 1591 Odaxio
998 1527 1260 1612 Elichmauuus¹)
1294 1530 1425 1611 putavit

181 1636 311 1713 praesto
334 1633 443 1717 fnisse,
466 1633 708 1714 quaesiverunt,
731 1629 788 1694 sed
811 1631 956 1693 frustrati
978 1639 1059 1694 sunt.

284 1755 353 1818 Neo
376 1755 548 1837 Mosquae,
583 1755 639 1818 ubi
672 1772 885 1835 speraveram
918 1754 1004 1838 sore,
1041 1759 1074 1817 ut
1097 1756 1295 1836 reperiretur
1319 1755 1425 1820 codex

181 1860 309 1942 aliquis,
337 1876 376 1922 eo
392 1863 567 1942 permotus,
597 1859 683 1941 quod
700 1859 858 1922 versionis
874 1858 1091 1922 Germanicae
1113 1877 1140 1922 a.
1156 1858 1240 1922 1785
1265 1859 1425 1941 Mosqnae

182 1961 319 2042 editae²l
342 1963 454 2025 tltulus
481 1963 563 2026 haec
585 1963 719 2027 exhibet
742 1963 863 2026 verba:
901 1962 970 2026 Ans
993 1961 1079 2027 einer
1102 1963 1195 2026 ultera
1208 1961 1422 2046 proclames

182 2065 415 2152 Hundschrist‚
450 2073 577 2130 exstare
606 2067 752 2131 codicem
780 2087 840 2131 ms.
875 2086 895 2130 a
922 2068 993 2130 viro
1016 2067 1196 2131 clarissimo
1224 2067 1260 2130 A.
1284 2067 1429 2130 Pawloff
1517 2075 1518 2080 ’

182 2171 302 2234 certior
323 2190 396 2233 sum
420 2163 532 2248 lactus,
555 2170 675 2253 quide
697 2172 769 2252 ipsa
792 2171 854 2234 hac
876 2172 1027 2234 versione
1052 2171 1135 2234 haec
1158 2171 1302 2234 monuit:
1362 2169 1426 2235 Die
1517 2189 1518 2208 .

183 2267 401 2359 Herauapeber
423 2274 479 2338 der
494 2273 658 2338 deutschen
683 2273 906 2358 Uebersctzurtp
928 2275 1011 2340 1785
1033 2273 1140 2339 hatten
1163 2273 1424 2339 wobraebeinlicb

182 2399 242 2463 pur
274 2379 345 2443 heio
378 2377 675 2463 bortdscbriflticbes
707 2379 855 2463 Oript'nal
864 2403 876 2461 ;
912 2400 942 2442 cs
975 2380 1015 2443 ist
1049 2378 1198 2461 bekannt,
1233 2377 1307 2443 does
1340 2377 1425 2443 diere
1517 2399 1518 2442 1

181 2481 1173 2568 ‚,Novilcosscbe“typoprapbisebcGcsellscbost(popelindetcon
1180 2482 1426 2560 Freimonrero)

183 2608 260 2672 pern
279 2586 348 2651 dem
363 2586 533 2651 Publicola
549 2588 640 2653 Sand
662 2589 697 2652 in
719 2588 770 2652 dte
786 2588 898 2672 Aupen
921 2594 1042 2652 streete.
1088 2588 1156 2652 Ans
1179 2586 1235 2650 der
1257 2580 1427 2651 deutschen

191 2689 415 2775 Uetersetzuop
446 2712 472 2754 v.
495 2689 528 2756 J.
558 2693 640 2759 1785
675 2691 782 2755 werde
817 2693 884 2755 eine
916 2690 1053 2756 rusaiscb
1088 2673 1254 2756 riberaetztc
1278 2680 1449 2773 Auspobe'
1517 2717 1518 2720 ¹

184 2795 265 2860 1786
296 2793 562 2882 herouspepebeo;
596 2797 664 2860 cirre
693 2797 798 2860 esurite
826 2817 884 2859 aus
913 2795 969 2859 der
996 2795 1162 2860 deutschen
1200 2795 1428 2880 Ueberseteunp
1517 2791 1518 2814 ³

182 2900 275 2965 1812.
321 2898 420 2964 Betae
442 2899 610 2983 Auspoben
640 2921 747 2964 asiarco
779 2920 843 2963 rtur·
857 2899 922 2984 fiir
944 2899 1150 2964 Fratroaurer
1182 2897 1248 2963 uod
1271 2897 1428 2983 Mystiker

185 3001 338 3068 beatimmt
369 3003 436 3068 ond
458 3003 587 3068 worden
611 3004 686 3068 bald
709 3003 836 3088 darauf
855 3026 914 3068 von
937 3004 993 3069 der
1015 3004 1195 3089 petatlicheo
1219 3003 1339 3068 Ceasar
1360 3023 1428 3068 cer-

183 3106 280 3172 boten.
314 3107 409 3191 Quae
419 3109 550 3172 omnino
566 3112 655 3172 recte
668 3108 845 3186 sehabere,
862 3108 917 3190 qui
927 3109 1109 3172 versionem
1123 3109 1229 3188 ipsam
1241 3107 1426 3188 inspexerit,

183 3212 280 3276 facile
295 3217 483 3296 cognoscet3
505 3213 590 3275 mira
605 3230 684 3276 sane
700 3213 732 3275 in
750 3211 810 3275 hoo
825 3211 938 3276 libello
954 3231 1013 3294 pro
1026 3211 1192 3278 Cebetlnis
1209 3212 1428 3294 proferuntur.

286 3333 381 3397 Idem
398 3333 545 3397 codicem
554 3325 835 3416 Petropolitennm
845 3337 916 3398 150.
932 3335 1033 3399 chart.
1050 3352 1134 3399 anno
1146 3334 1230 3398 1669
1239 3332 1426 3413 scriptume

183 3438 309 3500 Ioanne
343 3437 468 3502 Meiero
503 3435 696 3514 Sedinaeo³)
744 3455 820 3500 mea
853 3440 959 3520 gratia
991 3439 1134 3520 inspexit
1168 3437 1362 3521 addiditque
1395 3440 1427 3500 in

182 3551 295 3604 vetere
328 3541 477 3624 catalogo
512 3541 660 3605 codicum
697 3561 770 3604 mss.
796 3543 897 3605 latine
924 3542 1105 3624 conscripto
1129 3541 1281 3607 exhiberi
1305 3543 1426 3607 verba:

184 3651 218 3707 ut
235 3647 267 3707 in
284 3644 355 3709 edit.
371 3645 464 3711 Anto.
487 3646 578 3710 1578.
603 3647 651 3710 16.
697 3645 794 3729 Quod
817 3648 877 3709 etsi
900 3665 964 3710 non
986 3647 1119 3709 omnino
1144 3645 1293 3728 quadret,
1316 3651 1426 3710 tamen

188 3875 600 3884 ——-—---—-—-—--———

291 4095 312 4162 ¹)
349 4093 390 4145 ed.
409 4109 434 4161 p.
453 4093 493 4144 79.
513 4094 672 4161 Schweigh.
692 4094 766 4147 1798.
785 4097 869 4164 praef.
889 4111 913 4162 p.
932 4090 1066 4144 CXXVII.

291 4180 314 4250 ²)
351 4179 406 4231 Das
425 4179 559 4232 Gemltlde
577 4182 624 4232 des
643 4180 739 4232 Kebes.
769 4183 828 4233 Ans
846 4183 923 4232 einer
941 4179 1014 4230 alten
1033 4175 1222 4245 griechischen
1243 4177 1429 4231 Handsehrift.

186 4267 309 4319 lloskau.
336 4265 385 4318 Bei
404 4267 454 4318 der
471 4267 724 4335 typographisehen
745 4267 926 4320 Gesellsrhaft
945 4264 1019 4317 1785.
1038 4265 1069 4315 ef.
1089 4265 1173 4331 prees.
1192 4280 1217 4332 p.
1236 4264 1336 4317 XXIV.
1365 4265 1428 4318 Bac-

188 4356 301 4406 meister
320 4369 388 4406 rusa.
406 4354 538 4406 Biblioth.
559 4354 590 4406 X.
610 4353 683 4405 1786.
702 4369 726 4422 p.
746 4352 795 4404 148
813 4367 872 4419 sqq.
892 4350 941 4402 155
960 4366 1018 4418 sqq.
1038 4350 1089 4402 loo
1107 4366 1166 4418 sqq.

290 4442 315 4511 ³]
351 4439 408 4493 Cat.
433 4442 480 4494 des
506 4441 670 4494 manuscrits
694 4455 772 4508 greca
796 4438 881 4491 de'lu
898 4437 964 4490 blbl.
983 4437 1058 4507 publ.
1076 4440 1141 4508 imp.
1179 4437 1217 4491 St.
1236 4439 1428 4509 Petersbourg.

187 4526 263 4579 1864.
281 4543 306 4595 p.
326 4527 367 4581 82.
