3062 5070
725 347 934 463 433..

211 576 355 640 defuisse
376 574 574 637 vocnbuium
599 571 713 654 ἄντρον
734 571 958 657 statuendum,
992 569 1079 655 quod
1102 573 1183 636 mihi
1205 570 1340 656 quidem
1364 572 1448 636 vide·

211 685 264 744 tur
285 696 349 742 non
371 695 443 741 esse
466 675 653 741 verisimile.

314 835 379 900 Sed
400 836 477 919 iem,
507 851 594 918 quae
618 837 859 916 consequuntur
883 833 996 912 exiis,
1030 852 1117 917 quse
1139 837 1287 919 exposui,
1321 854 1447 900 accure-

211 939 275 1002 tius
298 942 483 1004 tractemus.
523 939 572 1002 Ac
593 938 737 1020 primum
760 937 895 1021 quidem
919 938 967 1016 iis,
990 939 1110 1022 quibus
1131 939 1314 1022 scriptume
1335 939 1447 1004 discre-

212 1043 324 1124 pantis
344 1062 409 1107 non
433 1048 481 1107 cst
503 1043 678 1120 adnotate,
711 1043 791 1106 locis
813 1061 876 1106 non
899 1043 994 1120 licet,
1028 1043 1111 1106 sicut
1132 1043 1190 1106 eiii
1212 1044 1373 1124 iecerunt,
1392 1062 1447 1120 -ee,

212 1148 353 1228 quaein
376 1147 527 1212 editionis
549 1149 643 1210 textu
666 1149 804 1228 exstent,
827 1147 931 1211 verbs
952 1149 1123 1236 tamquam
1145 1145 1266 1211 codicis
1276 1148 1447 1229 scripturas

212 1253 368 1333 proferre,
388 1271 464 1316 cum
487 1252 618 1316 omnino
630 1249 826 1331 scripturam
838 1250 1008 1332 vulgatam
1020 1254 1282 1334 repraesentent3
1304 1249 1371 1315 duo
1393 1253 1448 1314 tor-

212 1359 299 1420 tesse
309 1357 525 1438 suspicionem
539 1359 693 1420 moveant
706 1353 768 1417 ioci
778 1353 910 1435 saepius
922 1353 1022 1417 etiem
1028 1353 1244 1418 Meibominm
1265 1353 1449 1418 adhibuisse

213 1455 248 1539 O,
271 1460 447 1541 scripturas
469 1463 582 1523 entem
603 1457 678 1522 ideo
701 1474 765 1522 non
788 1457 1000 1543 excerpsisse,
1021 1457 1109 1540 quod
1132 1475 1197 1521 non
1217 1457 1376 1524 recedere
1397 1478 1449 1524 ees

213 1584 235 1628 e
256 1564 394 1646 vulgate
415 1562 560 1626 videret:

214 1703 380 1769 XXXVII
401 1705 422 1768 3
448 1700 611 1767 τὸτοῑνυν
630 1700 688 1787 ζῆν
701 1701 809 1766 οὑκα-
862 1701 898 1767 τὸ
921 1708 1033 1778 κακῶς
1054 1698 1158 1765 τοίνυν
1181 1698 1239 1784 ζῆν
1261 1699 1368 1765 κακον
1390 1699 1450 1766 ἐστι

257 1806 316 1872 κὺν
340 1806 432 1871 ἐστιν
446 1801 483 1873 Κ
505 1807 603 1873 Meib.
903 1805 940 1870 τὺ
957 1803 993 1869 δὲ
1005 1804 1063 1890 ζῆν
1076 1806 1114 1869 οὐ
1127 1807 1230 1870 κακὸν
1240 1803 1449 1876 VBRDWP

213 1913 250 1977 τὸ
283 1917 395 1987 κακῶς
427 1906 531 1974 τοίνυν
561 1910 619 1997 ζῆν
643 1912 681 1976 οὑ
703 1910 807 1976 nasei

258 2013 340 2080 ἐστιν
368 2010 397 2083 C

317 2193 356 2257 In
377 2193 527 2258 variante
549 2197 661 2257 autem
683 2195 845 2277 scripture
866 2196 950 2261 hoec
972 2201 1121 2264 exstent:

218 2336 262 2412 [p.
286 2331 373 2409 136.]
411 2329 493 2415 Pap.
516 2335 568 2397 60.
589 2352 668 2398 cers.
690 2333 717 2396 1.
741 2329 873 2424 Τοίνυν)
899 2341 1010 2412 κακῶς
1033 2333 1146 2401 τοίνυν.

218 2469 420 2536 XXXVII2
444 2467 529 2534 ἀλλὰ
551 2478 619 2547 πῶς
643 2469 728 2534 εἰτὸ
749 2491 808 2534 κοι-
865 2443 1040 2554 etitem
1063 2475 1137 2562 οὑχὶ
1159 2478 1195 2542 τὸ
1217 2483 1329 2554 κακῶς
1352 2475 1456 2562 ζῆνιὺ

259 2580 326 2650 πῶς
349 2571 407 2658 ζῆν
430 2573 456 2636 ιὺ
480 2575 517 2638 ἂν
542 2573 682 2661 ὑπάρχοι
704 2574 809 2638 κακόν
906 2581 943 2646 ἂν
966 2580 1095 2667 ὑπάρχη
1119 2580 1274 2646 κατιόντι
1297 2581 1383 2646 αὑτῶ
1401 2581 1456 2646 ὑπ·

259 2698 289 2742 τι
321 2675 459 2762 ὑπάρχει
486 2678 809 2744 concesseramus
905 2683 999 2770 ἄρχει
1032 2685 1149 2749 οὐκοῦν
1173 2683 1200 2748 εἰ
1220 2683 1326 2748 κακόν
1347 2706 1377 2750 τι
1400 2685 1456 2749 ὑπ·
1515 2743 1516 2764 ,

258 2782 295 2845 τὸ
317 2780 375 2866 ζῆν
399 2780 481 2845 ἐστιν
503 2777 540 2848 Κ
907 2789 999 2876 ἄρχει
1021 2789 1107 2853 αὐτῶ
1129 2790 1233 2853 κακὸν
1253 2789 1332 2853 αὐτὸ
1355 2790 1457 2870 [αὐτῶ
1515 2775 1516 2804 ’

216 2893 302 3005 diti&
324 2947 392 3017 πῶς
414 2940 441 3004 εἰ
463 2941 498 3005 τὸ
521 2946 632 3018 κακῶς
654 2938 712 3026 ζῆν
734 2941 811 3026 ᾧᾶν
905 2891 1004 2975 Dw)
1025 2893 1220 2980 τὸζῆνέπω
1242 2889 1456 2966 VBRDWP

259 3043 400 3131 ὑπάρχοι
421 3044 525 3110 nasci
547 3063 576 3109 τι
598 3043 736 3131 ὑπάρχει
756 3045 812 3109 αὑ-

259 3155 304 3233 τῷ
334 3150 372 3212 οὑ
394 3148 498 3213 κακὸν
522 3148 600 3212 αὐτὸ
622 3148 658 3213 τὺ
681 3147 739 3234 ζῆν
763 3146 813 3214 ἐσ-

260 3275 305 3318 τιν
330 3255 427 3320 Meib.

217 3409 303 3476 ἀλλὰ
332 3419 401 3489 πῶς
428 3412 489 3475 οὑκ
512 3412 596 3476 εἰτὸ
619 3417 730 3490 κακῶς
753 3409 811 3496 ζῆν

261 3515 287 3577 d>
318 3516 355 3579 ἂν
385 3513 515 3601 ὑπάρχη
535 3513 639 3580 κακὺν
660 3535 689 3580 τι
712 3514 811 3600 ὑπάρ-

261 3638 313 3705 χει
342 3620 429 3682 οιὺτῶ
462 3621 566 3684 κοικὺν
595 3620 673 3684 αὐτὸ
696 3621 732 3684 τὸ
755 3617 813 3706 ζῆν

262 3723 344 3787 ἐστιν
368 3717 398 3793 0

321 3877 362 3944 In
383 3882 532 3947 veniente
553 3883 715 3964 scripture
736 3885 782 3965 (p.
805 3885 870 3949 135
892 3887 955 3968 sq.)
977 3884 1011 3948 in
1033 3885 1146 3951 codice
1168 3887 1331 3952 exstitisse
1352 3887 1415 3954 οὐκ
1432 3887 1459 3953 εἰ

220 3991 253 4052 et
276 3986 372 4070 αὐτῷ,
395 3985 538 4050 defuisse
560 3990 671 4051 eutem
694 3987 732 4051 οὑ
755 3993 832 4053 ente
854 3989 958 4052 κακὸν
982 3987 1130 4056 traditur.

321 4109 398 4173 Iure
419 4126 499 4172 sene
519 4109 657 4194 mireris,
679 4128 737 4173 cur
760 4111 819 4174 hes
841 4111 1023 4192 scripturae
1045 4111 1281 4193 discrepantias
1303 4113 1390 4178 soles
1403 4113 1457 4178 sd·

219 4321 281 4384 bus
304 4319 354 4382 his
374 4317 454 4382 locis
476 4318 592 4395 insunt
614 4318 750 4383 lacunas
771 4335 835 4384 non
858 4315 982 4385 hebuit.
1041 4319 1181 4386 Videtur
1200 4321 1301 4403 igitur
1321 4321 1375 4385 hic
1389 4323 1458 4406 qui·

220 4421 297 4486 dem
320 4423 452 4487 omnino
474 4423 640 4503 respicere
662 4422 809 4487 codicem
832 4417 874 4499 0;
911 4426 1021 4487 temen
1043 4442 1120 4488 mes
1141 4423 1277 4507 quidem
1299 4427 1458 4489 sententie

221 4527 294 4589 etiis
317 4527 396 4592 locis
418 4547 483 4592 non
505 4526 626 4592 codicis
648 4521 696 4603 C,
729 4526 787 4590 sed
822 4546 1011 4593 communes
1033 4527 1180 4592 omnium
1203 4528 1383 4593 editionum
1404 4548 1457 4594 ex·
