3062 5070
732 398 913 462 ..8-

202 575 344 641 tionibus
366 573 515 638 codicum
538 573 715 655 scripturas
738 571 905 636 exhibent.
948 570 975 634 Ε
996 569 1116 653 quibus
1149 569 1204 649 (et.
1227 568 1322 634 Dios.
1344 568 1440 649 praet.

203 699 233 764 p.
257 677 342 761 vn.)
366 680 429 742 bae
450 677 612 759 imprimis
634 680 709 740 sunt
730 673 969 740 nominandae:

307 782 446 847 [taciani
458 783 688 849 Sanaosatensis
699 783 853 868 colloquia
865 781 977 848 selecta
990 788 1019 846 et
1036 781 1158 846 Timon.
1170 779 1287 845 Cebetis
1305 777 1442 844 Thebani

205 885 352 951 Tabala.⁸
384 883 557 952 Menandri
590 887 768 952 Sententiae
800 886 946 952 Marates.
1000 885 1121 952 Graece
1148 891 1176 949 et
1204 883 1329 948 Latine.
1379 881 1443 947 aa·

204 989 310 1075 ioquin
333 990 473 1056 Luciani
496 999 524 1056 et
550 991 712 1056 Timonem
735 989 828 1056 Notis
853 989 1028 1054 illustrarit
1053 988 1197 1054 Tiberias
1220 986 1445 1054 Hemsterhnis·

204 1092 459 1160 Amstelaedami.
482 1094 580 1179 Apnd
607 1093 797 1170 Wetstenias‚
825 1095 917 1162 1708.

308 1196 403 1282 Quae
425 1198 524 1264 editio
546 1233 590 1246 -
612 1197 772 1264 Cebetem
796 1198 868 1264 dico
891 1235 932 1246 -—
963 1198 1173 1264 adnotatione
1195 1197 1327 1261 omnino
1350 1199 1447 1260 earet.

308 1301 423 1368 Cebetis
447 1301 588 1368 Thebani
613 1303 747 1368 Tabala.
770 1303 876 1388 Opera
901 1303 1038 1370 Thomae
1060 1303 1211 1386 Johnson,
1232 1299 1275 1366 M.
1298 1300 1338 1366 A.
1362 1300 1447 1366 Len·

204 1404 283 1470 dini.
306 1405 461 1491 impensis
484 1406 647 1472 Aetheris.
669 1406 763 1473 1720.

305 1507 414 1572 Editio
443 1504 678 1576 commentario
705 1512 874 1589 instructa,
906 1514 939 1575 in
969 1529 1035 1596 quo
1062 1512 1186 1593 optimc
1215 1509 1256 1574 de
1283 1509 1448 1572 nonnuliis

203 1610 283 1676 loeis
305 1609 483 1694 disputavit
505 1619 628 1680 auctor.

307 1716 658 1799 Schweighaeuserum
680 1737 813 1800 prorsus
835 1723 965 1784 secutus
988 1722 1036 1783 est
1074 1753 1113 1766 -
1148 1717 1238 1800 quod
1269 1718 1340 1798 ipse
1370 1717 1449 1781 dieit
1516 1745 1517 1750 ι

204 1820 237 1882 in
259 1821 359 1902 praet.
381 1839 440 1902 pe
473 1855 514 1868 -
527 1821 777 1888 ADAMANTIUS
790 1821 936 1900 ΟΟΙιΑΙε,
959 1823 1016 1906 qui
1036 1823 1188 1885 tabulam
1210 1819 1448 1884 commentario
1517 1887 1518 1906 χ

204 1924 356 1988 instruxit
378 1943 496 2006 graece
517 1926 708 2009 conscripto,
731 1944 750 1989 e
774 1944 839 2008 quo
863 1926 976 1988 multis
998 1927 1031 1988 in
1053 1926 1133 1989 loeis
1155 1943 1313 2004 magnum
1336 1927 1449 2004 capias
1517 1937 1518 1978 t

204 2027 354 2090 fructum.
398 2028 498 2092 Liber·
520 2033 632 2092 eutem
654 2030 701 2093 ita
723 2030 928 2094 inscribitur:
950 2025 1143 2110 Ἐπικτήτου
1168 2024 1368 2111 ἐγχειρίδιον,
1387 2025 1449 2090 Κέ-

205 2127 299 2214 βητος
315 2127 416 2212 πίναξ,
439 2128 628 2208 Κλεάνθους
646 2133 752 2216 ὕμνος,
776 2130 925 2208 ἐκδόντος
949 2128 1254 2213 screationum
1278 2127 1319 2192 Α.
1335 2127 1376 2192 Κ.
1393 2129 1448 2193 Ἐν
1518 2208 1519 2218 ¹

205 2229 376 2400 ἑΙοὲρισίοις.
401 2235 510 2301 Didot.
525 2238 622 2303 1826.
646 2271 689 2284 —-
711 2227 900 2320 (Παρέγρωι
926 2233 1094 2320 ἑλληνικῆς
1118 2230 1327 2320 βιβλιοθήκης
1350 2234 1449 2319 τόμος

222 2337 241 2422 β
263 2344 367 2422 mec)
779 2337 781 2343 ’

306 2443 344 2506 In
378 2444 474 2508 huius
508 2449 541 2509 et
562 2445 867 2528 Schweighaeuseri
890 2443 1032 2508 editione
1063 2443 1174 2506 nititur
1198 2443 1257 2508 Ta.
1281 2443 1449 2526 Dienses,
1519 2525 1520 2546 Χ

205 2545 263 2626 qui
285 2546 461 2612 editionem
483 2549 611 2613 curavit
631 2549 821 2614 sinenotis:

188 2665 191 2676 ·
311 2649 518 2735 Theophrasti
540 2652 744 2730 characteres,
768 2651 875 2716 Marci
899 2651 1032 2714 Antonii
1055 2651 1286 2726 commentarii,
1310 2649 1449 2734 Epicteti

205 2751 467 2821 dissertationes.
501 2802 508 2820 .
541 2803 568 2840 .,
602 2755 717 2822 Cebetis
750 2754 867 2832 tabula,
903 2752 1040 2818 Matrini
1078 2753 1170 2838 Tyrii
1203 2753 1448 2820 dissertationes.

206 2857 326 2922 Graece
356 2865 385 2922 et
418 2859 515 2924 latine
542 2880 612 2924 cam
644 2859 811 2924 indicibus.
866 2857 1074 2942 Theophrasti
1104 2858 1299 2924 characteres
1321 2857 1394 2922 XV
1420 2865 1448 2922 et

188 2961 384 3028 Mammam
408 2963 541 3048 Tpriam
563 3011 570 3028 .
593 3013 600 3030 .
626 2963 830 3030 .emendeoit
853 2963 946 3028 Fred.
970 2962 1110 3028 Dribner.
1134 2961 1281 3027 Parisiis.
1315 2961 1449 3027 Editore

206 3065 246 3129 A.
269 3066 305 3130 F.
329 3066 439 3134 Didot.
484 3069 580 3134 1840.
775 3140 779 3145 .

309 3171 336 3235 Ε
363 3172 668 3255 Schweighaeuseri
702 3173 842 3238 editione
876 3174 976 3238 etiam
1000 3173 1037 3237 Α.
1060 3173 1186 3237 Kuott
1209 3191 1324 3255 suem,
1359 3190 1448 3254 quae

205 3275 289 3338 notis
311 3281 415 3362 earet,
437 3279 565 3341 curavit
585 3276 808 3342 recudendam
830 3313 872 3324 -
896 3276 984 3362 quod
1007 3278 1078 3358 ipse
1099 3277 1219 3338 fatetur
1241 3276 1343 3356 praef.
1366 3295 1395 3358 p.
1419 3277 1448 3338 5.

208 3413 246 3428 ·-
282 3382 329 3445 ita
358 3387 468 3446 tamen
496 3387 531 3446 ut
553 3383 636 3446 XIX
660 3381 677 3445 l
701 3379 885 3466 φιλόθοινος
908 3384 1082 3464 reciperet,
1116 3379 1204 3463 quod
1227 3378 1342 3443 Corsis
1375 3400 1448 3462 pro-

206 3486 328 3565 posuit:

308 3589 408 3655 Kebes
440 3589 494 3655 des
520 3589 697 3655 Thebaners
720 3589 880 3655 Gemitldc.
926 3590 995 3656 Feir
1025 3589 1085 3654 den
1108 3587 1361 3674 Schnlpebraach
1390 3589 1447 3650 enit

206 3694 304 3758 circem
334 3693 680 3760 Wiirteroerzeichne'sse
702 3693 856 3759 versehen.
901 3694 1054 3760 Rottruee'i.
1077 3696 1171 3760 1840.
1217 3693 1314 3778 Prpr.

310 3797 418 3881 Quom
451 3799 602 3864 libellum
636 3798 742 3866 debeo
774 3801 844 3864 viro
868 3799 1103 3862 humanissimo
1126 3798 1249 3876 Lereb,
1282 3799 1447 3878 gymnasii

207 3901 371 3965 Rottweii.
394 3904 521 3966 rectori.

309 4007 522 4088 Perspicuum
545 4008 644 4090 igitur
666 4009 728 4072 crit
750 4009 860 4089 exiis,
882 4025 969 4091 quae
992 4009 1139 4092 exposui,
1161 4007 1292 4071 omnino
1305 4023 1376 4068 esse
1394 4024 1446 4067 ne-

207 4114 383 4178 cessarium
406 4111 448 4174 de
470 4113 637 4190 omnibus,
671 4113 728 4195 qui
753 4112 860 4177 adhuc
883 4110 1021 4175 adhibiti
1044 4116 1133 4195 sunt,
1156 4111 1320 4176 codicibus
1343 4127 1383 4172 ac
1406 4109 1446 4172 de

207 4217 411 4281 versionibus
444 4222 596 4280 accurate
628 4218 796 4282 instituere
829 4217 1075 4299 quaestionem,
1111 4221 1145 4278 ut
1167 4233 1188 4278 a
1209 4218 1300 4278 certa
1321 4216 1447 4278 ratione
1515 4211 1520 4222 ⁴

206 4322 366 4402 proticisci
388 4320 484 4384 liceat
505 4321 538 4383 in
561 4321 671 4384 verbis
693 4318 915 4398 emendandis,
938 4339 977 4383 ae
999 4321 1142 4401 primum
1162 4318 1296 4403 quidem
1309 4315 1446 4382 decedi·

207 4424 299 4487 cibus
323 4444 468 4506 egemus.

723 4593 875 4612 ΜιΛΙνννυννυ
879 4597 927 4614 νυνι
