3062 5070
618 383 826 451 ...61...

80 568 120 632 11
151 564 253 632 3καί
276 562 445 649 ἐύαύμαού
466 583 505 647 γε
523 562 583 647 ἔφη
597 562 693 627 αὐτὸν
748 558 804 628 καὶ
828 556 999 642 ἐθαύμασα
1022 577 1059 641 γε
1083 555 1142 641 ἔφη
1169 556 1264 620 αὐτὸν
1288 575 1345 619 πο-

137 667 368 755 πολυχρονιώτ
405 689 444 732 οο
453 687 496 732 ων
509 664 618 730 πολλὰ
630 667 694 750 γὰρ
792 663 850 729 λὺν
880 662 997 748 χρόνον
1026 661 1178 745 νεώτερος
1211 663 1274 746 γὰρ
1302 660 1345 724 ὢν

138 775 197 840 καὶ
221 771 382 838 σπουδαῖα
404 768 565 855 διελέγετο
587 767 623 840 A
663 839 665 844 ,
790 765 898 831 πολλὰ
906 766 961 829 καί
974 765 1133 830 σπουδαῖα
1142 761 1347 851 διελέγετον

202 1086 418 1152 Vocabulum
451 1084 515 1167 γὰρ
549 1084 783 1164 transpositum
816 1101 888 1146 esse
922 1083 1100 1146 elibrenio
1123 1083 1255 1168 aliquo,
1290 1085 1347 1166 qui

90 1191 268 1256 voeabula
286 1186 438 1271 νεώτερος
463 1187 506 1251 ὢν
530 1186 758 1268 coniungenda
780 1205 852 1250 esse
874 1187 1000 1250 censuit
1022 1205 1097 1250 num
1121 1187 1224 1250 verbo
1247 1185 1346 1252 διελὲ-

87 1315 191 1380 γετο,
224 1294 433 1356 manifestum
468 1297 525 1355 est.
570 1289 749 1373 Quaeritur
772 1296 897 1369 eutem,
931 1290 1010 1373 quid
1045 1307 1103 1371 pro
1126 1286 1347 1375 πολυχρονιώ-

88 1417 190 1482 τερος
213 1397 287 1460 sive
308 1391 635 1480 πολυχρονιώτατος,
669 1393 757 1474 quod
779 1396 813 1456 in
836 1389 869 1460 A
899 1392 1029 1457 videtur
1056 1394 1214 1475 seriptum
1237 1396 1347 1476 fuisse,

91 1504 155 1568 vel
176 1497 283 1564 πολύν
306 1498 423 1584 χρόνον
446 1496 617 1580 νεώτερος,
652 1497 740 1579 quod
764 1494 797 1566 V
821 1499 938 1582 hebet,
971 1499 1003 1560 iu
1033 1497 1204 1578 utriusque
1235 1499 1347 1564 codice

92 1608 285 1687 archetypo
309 1605 472 1668 exstitisse
494 1606 665 1684 putemus,
703 1620 776 1664 eum
811 1621 873 1666 nee
906 1597 1083 1667 codicisA
1115 1603 1276 1683 scripture
1306 1607 1348 1669 sit

92 1711 238 1793 integra.
271 1709 445 1772 Facillime
466 1725 546 1770 sane
567 1706 739 1786 utriusque
762 1706 883 1769 codicis
905 1709 1067 1788 scriptura
1088 1712 1160 1770 orta
1182 1712 1231 1768 est
1254 1727 1273 1770 e
1294 1727 1347 1772 vo·

94 1813 231 1878 nebulis
253 1808 469 1896 πολυχρόνιον
492 1807 645 1892 νεώτερος
669 1808 734 1890 ὢν,
767 1812 795 1873 si
827 1811 962 1892 quidem
996 1814 1030 1874 in
1053 1809 1087 1878 A
1121 1813 1245 1874 exstitit
1267 1813 1346 1876 olim

94 1913 414 2000 πολυχρονιώτερος.
460 1915 495 1978 Si
517 1919 629 1978 sutem
653 1909 962 1997 πολυχρονιώτατος,
985 1922 1099 1980 natum
1123 1935 1194 1980 esse
1217 1916 1348 1980 videtui·

97 2041 119 2086 e
140 2020 315 2086 vocubulis
337 2015 639 2102 πολυχρονιώτατον
662 2013 815 2099 νεώτερος
838 2018 892 2081 vel
915 2014 985 2094 νέος
1009 2018 1053 2082 ὢν
1081 2021 1135 2084 vel
1158 2041 1177 2084 e
1206 2024 1347 2086 vocubu-

98 2127 139 2188 lis
161 2121 382 2208 πολυχρόνιον
405 2121 562 2196 νεώτατος
585 2119 644 2198 ών;
667 2139 686 2184 e
708 2122 836 2203 quibus
851 2123 1016 2204 quomodo
1039 2130 1193 2206 corrupte
1214 2127 1277 2190 siut
1293 2146 1347 2190 vo-

100 2228 225 2294 esbule
246 2225 349 2292 πολύν
373 2226 492 2313 χρόνον
514 2223 678 2307 νεώτερος,
701 2243 766 2288 non
788 2227 908 2308 liquet3
945 2246 1057 2311 quare,
1079 2230 1106 2291 si
1129 2249 1166 2292 re
1188 2249 1269 2293 vere
1290 2250 1347 2293 πο·

100 2329 361 2418 λυχρονεώτατος
396 2333 520 2396 exstitit
553 2331 587 2392 in
610 2319 663 2409 A,
700 2331 758 2394 ille
780 2331 943 2394 voeabula
964 2350 1043 2394 casu
1066 2333 1179 2414 aliquo
1202 2332 1348 2398 diflicilia

100 2439 207 2502 fuisse
228 2437 318 2500 lectu
339 2435 549 2500 statuendum
573 2440 606 2498 et
628 2452 715 2518 eum,
736 2435 795 2516 qui
817 2434 972 2512 codicem,
1006 2437 1098 2498 euius
1120 2439 1347 2519 apographum

101 2546 153 2606 est
174 2535 220 2618 A,
256 2540 416 2622 exerevit,
449 2539 627 2620 scripsisse,
662 2556 749 2619 quse
771 2542 947 2619 potueruut
969 2539 1044 2620 legi,
1079 2557 1155 2603 eum
1178 2545 1300 2626 eutem,
1329 2562 1348 2606 e

101 2639 679 2726 euiusexemplerinrensseriptus
691 2646 748 2719 est,
772 2642 983 2706 coniectando
995 2642 1158 2706 studuisse
1169 2645 1348 2709 emendare

100 2749 222 2813 locum.
253 2747 387 2828 Exipso
410 2748 482 2810 loeo
505 2747 533 2808 si
555 2747 754 2830 quaerimus,
777 2765 864 2829 quse
877 2749 1044 2829 scripserit
1054 2751 1176 2826 auctor,
1200 2750 1348 2812 maxime

100 2871 183 2916 sene
204 2851 336 2933 placent
357 2850 521 2914 voenbula
542 2845 843 2932 πολυχρονιώτατον
866 2847 936 2926 νέος
960 2848 1014 2931 ών,
1038 2869 1243 2933 quemquam
1269 2852 1345 2915 luei-

104 2956 170 3019 lius
186 2957 293 3037 potest
308 2954 469 3034 explicari
482 2953 644 3034 scripture
665 2948 881 3037 πολυχρόνιον
896 2951 1049 3036 νεώτερος
1072 2951 1127 3034 ών,
1150 2973 1251 3036 quum
1275 2972 1348 3018 eon·

104 3060 424 3123 ieeture'ssseeutus
446 3061 495 3121 est
517 3057 556 3121 H.
578 3057 711 3137 Sauppe
740 3058 785 3138 (p.
809 3059 896 3137 772).
950 3055 1034 3122 Cum
1058 3059 1158 3138 igitur
1179 3060 1212 3121 iu
1235 3059 1349 3123 codiee

105 3161 140 3230 A
172 3181 238 3228 non
271 3162 433 3226 exstitisse
461 3162 661 3226 vocabulum
684 3157 982 3245 πολυχρονιώτερος
1004 3181 1068 3225 non
1090 3164 1191 3244 possit
1212 3163 1349 3249 ostendi,

106 3271 138 3332 in
179 3266 294 3331 codiee
326 3267 507 3348 archetypo
546 3267 647 3330 luisse
680 3268 837 3347 scriptum
869 3262 1085 3351 πολυχρύνιον
1117 3265 1270 3350 νεώτερος
1305 3266 1348 3329 ὢν

105 3372 207 3434 setius
230 3373 278 3434 est
300 3375 427 3451 putere.
469 3369 521 3435 Its
542 3374 653 3434 sutem
676 3371 705 3432 si
727 3388 907 3455 censemus,
929 3389 990 3434 nee
1012 3371 1158 3435 sedicem
1182 3368 1217 3448 A
1240 3367 1348 3438 neeV

106 3493 224 3540 verum
247 3475 404 3538 hocloco
426 3491 585 3551 servasse,
608 3473 665 3536 sed
690 3492 709 3536 e
731 3479 922 3556 comparate
935 3475 1105 3558 utriusque
1116 3475 1238 3540 codicis
1250 3477 1350 3557 serip-

107 3585 183 3644 ture
203 3579 354 3660 eognosei
376 3583 524 3660 apparet.

125 3787 131 3798 .
210 3735 257 3801 IV
280 3735 309 3800 3.
354 3731 372 3796 ὁ
402 3732 438 3796 δὲ
469 3731 572 3818 γέρων
606 3732 715 3798 ὁᾶνώ
739 3731 881 3819 ἑστηκώς
911 3733 996 3821 ἔχων
1020 3733 1141 3824 χάρτην
1162 3738 1232 3802 τινα
1255 3735 1288 3802 ἐν
1310 3745 1348 3822 τῇ

109 3836 190 3924 χειρὶ
219 3837 275 3900 καὶ
304 3844 342 3921 τῇ
373 3835 466 3921 ἑτέρα
489 3837 597 3923 ώσπερ
619 3835 771 3903 δεικνύων
794 3859 823 3903 τι
846 3839 937 3916 ούτος
962 3838 1081 3925 δαίμων
1104 3838 1251 3906 καλεῖται
1272 3862 1349 3926 προ·

110 3941 232 4006 στάττει
245 3939 281 4004 δὲ
299 3949 365 4018 τοῖς
388 3939 662 4028 εἰσπορευομένοις
684 3939 713 4006 τί
736 3940 784 4006 δεῖ
805 3941 921 4019 αὐτούς
944 3952 1046 4008 ποιεῖν
1070 3941 1113 4020 ὡς
1136 3945 1174 4009 ἂν
1198 3943 1349 4009 εἰσέλδιυ-

110 4066 157 4110 σιν
179 4044 224 4123 εἰς
245 4044 300 4110 τδν
323 4041 391 4132 βίον
413 4045 469 4109 καὶ
491 4045 627 4111 δεικνύει
649 4043 744 4111 ποίαν
768 4043 843 4109 ύδύν
867 4047 982 4124 αὐτούς
1007 4046 1057 4112 δεῖ
1077 4045 1214 4134 βαδίζειν
1238 4047 1266 4112 εἰ
1288 4046 1350 4112 σώ-

109 4147 223 4226 ζεσθαι
246 4146 417 4234 μέλλουσιν
440 4148 540 4215 ἐντῶ
563 4150 620 4239 βίω
643 4148 687 4221 V.

213 4303 343 4372 Codicis
365 4301 398 4372 V
419 4307 617 4390 scripturum
637 4310 742 4374 solnm
764 4308 793 4371 si
814 4311 959 4393 spectes,
990 4309 1200 4374 menifestum
1223 4307 1282 4372 tibi
1304 4309 1351 4371 vi-

110 4408 197 4474 deris
219 4408 468 4492 deprehendere
489 4411 667 4498 glossema,
689 4410 890 4476 vuesbulum
913 4408 1048 4476 δεικνύει
1070 4411 1152 4490 dieo,
1174 4411 1350 4494 repetitum

111 4531 155 4578 ex
176 4513 383 4580 antecedenti
404 4511 565 4594 δεικνύων,
596 4517 644 4580 its
665 4521 702 4580 ut
722 4511 934 4580 scribendum
957 4533 1030 4580 esse
1051 4515 1141 4582 diens
1162 4511 1350 4599 προστάττει
