3062 5070
718 327 906 390 ..2-

300 499 364 563 Sed
398 501 451 562 hic
485 515 549 562 non
579 500 612 562 in
640 501 751 562 enimc
784 503 833 562 est
862 501 1045 562 accuratius
1072 501 1155 562 banc
1178 518 1253 582 rem
1287 505 1431 577 tractare,

197 605 309 686 paucis
330 608 456 666 tantum
473 605 640 686 attingam,
664 605 830 667 Fortunae
852 605 1029 667 simulacra
1053 606 1085 667 in
1108 605 1206 685 globo
1229 585 1432 683 collocatae]

197 725 262 790 quo
284 709 426 789 primum
450 711 597 788 tempore
620 706 792 770 videantur
813 725 883 772 esse
906 708 1001 786 fieta,
1034 707 1266 789 inquirendum
1289 709 1385 772 nobis
1405 714 1435 770 et

196 812 343 874 locorum
365 811 539 895 similium,
561 812 618 892 qui
640 809 728 891 apud
752 809 954 891 Platonem²j
977 813 1058 875 elios
1082 829 1145 874 non
1167 813 1263 892 pauci
1285 811 1435 874 videntur

197 919 336 1000 exstare,
358 933 430 978 esse
451 916 613 978 rationem
637 914 833 978 habendum.

301 1020 408 1083 Antea
422 1020 518 1095 enim,
541 1018 629 1100 quod
645 1019 808 1101 reliquum
827 1023 883 1097 est,
906 1039 992 1101 quae
1009 1021 1071 1081 arti
1087 1021 1218 1081 criticae
1239 1020 1314 1081 huic
1326 1017 1437 1082 libello

197 1123 404 1187 adhibendae
427 1127 554 1185 exstent
582 1122 738 1208 subsidia,
761 1143 968 1205 quaeramus,
991 1125 1185 1204 acprimurn
1202 1123 1346 1205 quidem,
1371 1124 1438 1204 qui·
1521 1134 1522 1218 ἐ

198 1229 259 1291 bus
281 1229 389 1291 adhuc
408 1229 474 1308 *sint
496 1228 547 1289 usi
570 1228 633 1289 viri
656 1226 750 1306 docti,
773 1246 982 1309 exponamus

198 1456 611 1466 -—.-—-...-.....-.-——-

304 1661 326 1729 1)
362 1676 382 1713 c.
401 1659 453 1711 VII
473 1659 522 1727 1,3.
539 1659 632 1712 XXIX
650 1661 672 1713 3.
699 1692 734 1701 -
764 1661 796 1712 cf.
822 1660 914 1712 locum
939 1659 1114 1711 simillimum
1139 1676 1153 1710 e
1177 1660 1297 1711 Pacuvio
1323 1659 1446 1710 allatum
1521 1714 1522 1737 Χ

200 1749 229 1800 in
248 1745 362 1798 erctor.
380 1747 416 1798 ad
434 1747 552 1800 Herenn.
571 1746 597 1797 II
617 1748 663 1816 22,
689 1747 729 1800 36.
766 1747 847 1816 Trag.
870 1747 916 1799 lut.
939 1747 987 1798 rel.
1005 1747 1046 1798 ed.
1065 1746 1094 1800 O.
1113 1746 1246 1798 Ribbeck.
1282 1745 1442 1814 Lps.1852.

200 1851 224 1902 p.
243 1833 293 1884 104
311 1848 352 1900 sq.
387 1833 480 1885 Scaen.
498 1833 578 1886 Rom.
601 1836 691 1902 poesie
708 1836 807 1902 irugm.
825 1849 875 1886 sec.
894 1849 949 1885 cnr.
967 1849 1018 1885 rec.
1037 1832 1067 1884 0.
1086 1833 1220 1884 Ribbeck.
1237 1832 1257 1884 I.
1285 1832 1346 1900 Lps.
1366 1833 1443 1886 1871.

200 1939 224 1990 p.
242 1921 294 1972 -124
311 1935 370 1988 sqq.
389 1919 515 1972 Ribbeck
534 1920 559 1972 d.
578 1936 662 1974 roem.
681 1920 819 1988 T1·ag.in1
838 1920 968 1972 Zcitalter
989 1921 1014 1972 d.
1033 1919 1098 1988 Rep.
1117 1919 1180 1988 Lpz.
1201 1919 1275 1972 1875.
1294 1936 1319 1987 p.
1330 1919 1382 1970 251
1402 1936 1442 1987 sq.

261 2087 264 2096 .
303 2043 326 2112 ²]
362 2042 405 2094 Fr.
413 2042 444 2096 G.
451 2042 567 2112 Klopfer
576 2044 610 2095 de
617 2042 725 2095 Cebetis
744 2044 839 2094 tabula
857 2044 1013 2095 dissertatio
1023 2042 1219 2096 I.Zwiocaviae
1230 2041 1303 2093 1818.
1322 2041 1404 2109 Prgr.
1415 2059 1440 2110 p.

199 2129 222 2180 9.
235 2129 268 2192 15
280 2143 339 2210 sqq.
358 2128 398 2180 23.
416 2161 451 2170 -
468 2130 499 2204 cf.
512 2129 579 2197 Rep.
597 2129 629 2180 X.
648 2146 672 2198 p.
690 2129 746 2202 614¹
759 2145 818 2198 sqq.
837 2147 920 2198 quem
937 2130 1105 2209 locumiam
1126 2129 1158 2182 H.
1173 2130 1251 2182 Wolf
1265 2129 1313 2180 ulii
1326 2127 1440 2180 Cebetis

200 2215 369 2267 editionibus
387 2217 562 2268 addiderunt.
591 2215 593 2220 '
