3062 5070
691 391 940 464 .-52...

217 575 280 642 nisi
301 572 359 638 ubi
380 573 573 638 correctoris
595 590 731 634 manum
753 573 863 635 statim
887 587 1055 654 agnoscas.
1100 568 1257 650 Lacunac
1283 569 1395 629 autern
1425 566 1458 628 iu

217 677 252 750 V
273 682 406 762 praeter
426 695 537 754 uuam,
559 695 661 760 quam
684 694 760 738 oum
781 674 817 743 A
841 676 936 753 (VIII
958 678 978 739 2
1001 671 1056 736 καί
1079 669 1312 749 ἐκτετακότος),
1340 677 1372 733 et
1394 688 1459 752 eas,

217 802 300 867 quas
326 801 401 847 curn
424 780 642 846 deterioribus
663 779 815 843 omuibus
836 781 938 844 habat
959 787 1166 854 communes,
1190 779 1321 838 exstant
1345 776 1392 838 liis
1415 775 1460 836 lo-

218 958 279 1020 cis:
316 955 431 1021 XXIV
465 956 483 1017 2
514 883 1067 1036 πλανῶνταῗαῑκῗιγξαξιῗκρατημένοι,
1106 949 1165 1013 ubi
1205 948 1372 1012 vocabula
1404 943 1460 1006 acl

219 1060 360 1146 ἄγονται,
382 1077 468 1141 quaa
491 1075 604 1122 omnes
627 1057 784 1123 exhibent
805 1057 954 1134 codices,
987 1076 1030 1118 m.
1052 1055 1093 1119 II.
1115 1051 1243 1118 addidit
1265 1071 1368 1133 supra
1390 1069 1459 1113 ver-

631 1175 657 1211 ot

219 1253 300 1299 sum.
344 1231 442 1297 XXV
465 1232 486 1294 3
509 1227 539 1293 οἱ
562 1226 673 1311 ἄλλοί,
708 1247 773 1312 quo
805 1231 877 1294 loco
899 1249 943 1294 m.
964 1229 1006 1294 ΙΙ.
1028 1227 1257 1310 suprascripsit
1280 1230 1315 1289 et
1337 1226 1460 1290 litteras

220 1357 250 1400 οι
272 1340 305 1401 et
326 1335 494 1418 spiritum,
530 1336 577 1398 ita
609 1337 646 1397 ut
668 1335 848 1397 consentiat
869 1329 904 1403 V
926 1352 1001 1397 curn
1024 1333 1160 1415 reliquis
1182 1332 1214 1392 in
1238 1330 1408 1394 vocabulis
1430 1327 1460 1390 ol

221 1437 315 1503 ἄλλοι
329 1437 367 1502 οἱ.
396 1438 499 1502 XLI2
516 1434 756 1521 δικαιοπραγεῖν
770 1436 845 1520 ἔστι,
867 1439 927 1503 ubi
942 1437 1138 1520 particulam
1151 1435 1221 1521 oda,
1232 1456 1335 1520 quarn
1349 1453 1459 1499 ornnes
1513 1457 1514 1496 1

220 1545 379 1627 praebent
401 1541 548 1618 codices,
582 1539 708 1605 addidit
740 1561 783 1606 m.
805 1542 846 1605 Π.
880 1545 952 1623 post
980 1538 1180 1605 vocabulum
1211 1538 1458 1623 δικαιοπραγεῖν.
1513 1545 1514 1594 3

220 1647 369 1713 XXXIV
392 1647 411 1710 2
435 1643 507 1728 aspi
531 1642 675 1730 ἀγαθῶν,
697 1651 770 1727 post
792 1664 880 1728 quae
903 1645 1067 1709 vocabula
1088 1665 1131 1709 rn.
1153 1646 1194 1709 ΙΙ.
1218 1645 1251 1707 in
1271 1663 1390 1707 rasura
1407 1641 1460 1704 ad·
1513 1627 1514 1710 l

221 1753 304 1817 didit
326 1749 382 1813 καὶ
403 1756 524 1827 κακῶν,
548 1767 635 1832 quae
657 1747 822 1814 vocabula
843 1752 876 1812 in
898 1749 1036 1832 reliquis
1059 1767 1192 1832 quoque
1212 1749 1377 1830 leguntur.

325 1853 389 1920 Sed
411 1857 519 1931 restat,
544 1859 585 1931 ut,
608 1852 688 1936 quid
712 1854 754 1918 da
776 1854 943 1918 codicibus
956 1848 1027 1938 EF,
1049 1854 1106 1936 qui
1128 1872 1202 1916 curn
1215 1848 1367 1921 BRDW
1389 1870 1459 1915 con·

221 1961 363 2026 sentiunt
373 1961 407 2022 in
418 1977 444 2023 c.
453 1957 622 2036 xxvnl,
644 1960 686 2022 sit
698 1957 906 2035 censendum,
929 1959 1041 2039 paucis
1052 1976 1226 2041 exponam.
1257 1960 1306 2023 Ao
1316 1957 1459 2022 codicem

220 2062 409 2149 Equidem
432 2082 506 2127 cum
530 2057 612 2127 Dw
645 2063 756 2126 lacera
778 2063 857 2125 locis
879 2063 914 2124 in
935 2081 1032 2125 usum
1055 2081 1167 2126 mcum
1191 2065 1363 2144 exscriptis
1386 2061 1460 2124 satis

221 2171 390 2248 docamnr3
407 2171 409 2174 ’
425 2169 530 2232 codex
549 2164 579 2235 I*
603 2171 726 2243 autem,
750 2163 839 2247 quod
861 2166 980 2246 partim
1003 2183 1078 2228 cunr
1101 2167 1151 2230 his
1174 2169 1322 2249 congruit
1344 2165 1459 2247 partim

221 2293 297 2337 cum
318 2267 395 2356 BR,
417 2273 563 2336 medium
585 2273 670 2335 inter
692 2271 753 2334 hos
776 2267 904 2333 codices
926 2267 1059 2332 videtur
1081 2274 1194 2334 tenera
1216 2271 1336 2334 locum.

325 2371 505 2443 CodicisV
539 2376 720 2457 scripturae
752 2390 828 2435 curn
861 2370 1006 2434 nondum
1035 2373 1099 2436 sint
1125 2375 1312 2456 evulgatae,
1343 2390 1398 2436 eos
1420 2389 1460 2433 ex

222 2480 327 2544 altera
347 2479 453 2544 libelli
474 2482 567 2560 parte
590 2477 777 2543 exscribere
799 2475 908 2556 placet
929 2475 1037 2554 locos,
1071 2477 1130 2541 ubi
1162 2478 1286 2543 recedit
1309 2496 1329 2540 a
1351 2476 1461 2553 codice

221 2578 260 2669 G,
283 2584 572 2666 cuiusscripturas,
596 2579 685 2664 quod
707 2579 828 2643 codicis
846 2575 883 2646 M
906 2597 977 2644 osse
999 2581 1134 2662 putavit,
1157 2599 1312 2663 magnam
1335 2583 1459 2662 partem

221 2689 346 2771 recepit
367 2688 529 2765 Drosihn,
561 2687 620 2769 qui
651 2683 814 2750 nonnullis
847 2687 1022 2767 praetcrea
1054 2684 1135 2749 locis
1165 2684 1285 2748 codicis
1307 2678 1345 2752 K
1366 2683 1460 2762 scrip

222 2797 322 2878 turas,
344 2793 467 2875 quippe
489 2792 547 2873 qui
569 2793 611 2855 sit
633 2790 788 2871 vulgatae
810 2787 1069 2873 fundamentum,
1092 2793 1263 2870 tamquam
1285 2781 1460 2852 codicislll

223 2900 339 2979 essent,
361 2893 518 2973 exhibuit,
540 2897 614 2959 aliis
636 2892 788 2957 codicum
809 2888 915 2972 BD¹).
1512 2945 1513 2980 γ

1512 2991 1513 3040 l

505 3241 537 3297 V
1003 3237 1339 3299 v²BRDWPOK

224 3341 291 3394 XXI
308 3342 325 3394 3
343 3344 420 3397 ἀνθεῖ
871 3346 978 3399 εὐανθεῖ

224 3427 319 3480 XXIII
337 3429 353 3480 2
372 3433 478 3482 ἅπασαν
870 3437 918 3486 και
935 3435 982 3502 τὴν
1001 3435 1097 3503 λοιπὴν
1116 3435 1221 3487 ἅπασαν
1233 3463 1234 3466 ¹
1245 3433 1305 3489 v²¹1¹

224 3515 317 3567 XXIX
335 3515 350 3566 2
369 3519 562 3585 ἀναγγέλουσιν
872 3523 1085 3588 ἀναγγέλλουσιν
1102 3520 1322 3578 v²BRDW

871 3611 1056 3677 ἀναγγέλοιοιν
1074 3606 1158 3663 ΡΟ.
1175 3609 1370 3675 ἀναγγειλωοιν
1387 3609 1427 3665 Κ

224 3687 303 3742 XXX
321 3689 337 3740 2
357 3692 410 3758 ἔφη
872 3697 941 3763 Ioppe

223 3774 302 3827 XXX
319 3776 336 3828 3
354 3782 460 3843 κτείνας
872 3784 992 3844 uulsa:

223 3863 317 3916 XXXI
334 3863 351 3915 1
368 3868 475 3920 κελεὺει
872 3869 980 3922 aciabu
998 3869 1052 3935 {pp

223 3949 370 4003 XXXVIII
387 3949 429 4020 1,3
447 3953 478 4003 bt
872 3957 935 4008 abbi

223 4105 344 4161 XXXIX
360 4108 378 4159 4
395 4056 447 4176 ιιρῖ
872 4111 959 4176 κρίνοι
975 4108 1195 4167 v²BRva

872 4266 955 4331 aptans
973 4265 1021 4322 P.
1039 4273 1123 4334 κρινεῖ
1140 4266 1185 4323 O.
1203 4215 1288 4333 aptat:
1304 4267 1345 4324 K

327 4350 351 4421 ¹)
369 4348 406 4402 Iis
423 4349 498 4420 locis,
517 4349 619 4419 quibus
637 4350 813 4403 consentiunt
831 4351 930 4423 verba,
952 4367 1024 4422 quas
1041 4352 1117 4422 apud
1134 4351 1307 4406 Drosihnum
1326 4352 1463 4420 leguntur,

223 4448 287 4486 cum
302 4436 343 4505 V,
360 4436 418 4488 aive
436 4437 510 4495 eM
528 4438 585 4490 siva
605 4451 620 4487 a
638 4437 719 4492 BD
738 4436 862 4500 adscivit,
880 4439 1002 4506 praefixi
1020 4437 1173 4509 stellulam3
1192 4439 1308 4506 reliquis
1329 4437 1463 4506 omnibus,

223 4521 278 4573 nisi
293 4520 372 4573 alind
389 4524 495 4593 monui,
512 4522 607 4593 verba,
626 4537 697 4590 quae
715 4520 750 4578 O
768 4523 890 4595 praebat,
910 4527 1022 4578 axutam
1039 4524 1069 4576 in
1087 4521 1222 4578 Drosihni
1241 4523 1372 4578 editione.
