3062 5070
594 399 805 464 ..27-

65 567 154 634 XXI
179 571 199 634 3
223 568 395 655 περιέργως
695 582 699 606 ·
725 569 919 656 ἀπεριέργως

65 675 156 738 XXI
180 677 201 740 3
225 673 308 740 πάνυ
330 675 386 738 καί
410 674 546 759 ποικίλῳ
725 676 807 741 πάνυ
830 676 922 740 καλῶ
945 675 980 744 Α

726 781 808 845 πάνυ
832 780 940 858 καλῶς
971 777 1255 853 VBRDWPCK

66 883 192 947 XXIII
217 883 236 945 2
260 881 397 967 ὀδυρρὸν
420 883 475 945 καὶ
487 885 544 968 τὴν
557 883 672 968 ὑπερη-
725 885 863 971 ὀδυρρὸν
885 886 940 950 καὶ

117 985 252 1071 φάνειαν
275 988 329 1052 καί
874 1031 876 1036 ,

178 1163 352 1226 Nonnullis
376 1169 546 1246 praeterea
570 1164 658 1246 locis,
681 1164 759 1245 quid
783 1165 893 1230 dIcere
916 1166 996 1228 velit
1019 1165 1196 1243 Relundus,
1228 1166 1320 1230 dubi·

66 1275 132 1350 tes,
156 1285 263 1349 quere
286 1268 389 1348 ipsius
412 1269 515 1330 verbe
539 1268 591 1330 liic
613 1270 767 1349 apposui:

360 1385 396 1454 Μ
845 1386 1199 1460 AVLBRDWPCK

67 1509 134 1588 [IV
158 1511 187 1572 1.
212 1529 242 1590 p.
261 1511 345 1590 122]
370 1511 450 1596 Idid.
475 1515 517 1593 [p.
529 1512 571 1590 8.]
595 1533 672 1576 vers.
726 1512 945 1597 προσεξόντων

116 1615 147 1676 3.
171 1609 413 1695 Προσεξάντων)
437 1614 673 1700 προσεχόντων·

116 1715 171 1781 sed
192 1737 292 1800 supra
314 1721 466 1803 scrIptum
490 1726 559 1782 erut
583 1717 636 1796 ξον

69 1821 136 1901 [ΧΙ
172 1824 201 1885 1.
239 1841 267 1902 p.
292 1823 378 1900 129]
413 1823 495 1887 [bid.
531 1827 574 1904 [p.
609 1825 673 1902 20.]
726 1827 781 1888 καὶ
804 1828 860 1910 τὴν
885 1825 927 1902 εἰς
950 1815 1024 1908 τὴν
1065 1813 1071 1823 ’

117 1946 197 1990 vers.
221 1929 252 1989 5.
275 1922 358 2007 Τὴν)
381 1925 472 1990 deest.

70 2030 118 2110 [V
154 2031 185 2092 3.
219 2050 250 2111 p.
284 2032 369 2108 127]
415 2031 499 2098 Ibid.
534 2034 577 2112 [p.
610 2033 673 2110 tu]
730 2033 850 2112 πλάνος
874 2036 933 2120 ἔφη
956 2030 1066 2102 ALV²

117 2161 195 2204 sere.
219 2143 249 2203 6.
273 2136 396 2224 Πλάνη,
420 2140 496 2225 ἔφη)
520 2139 640 2218 πλάνος
727 2138 833 2224 πλάνη
859 2139 918 2224 ἔφη
942 2134 1190 2207 BRDWPCK

69 2239 135 2324 [VI
165 2245 196 2307 3.
232 2263 262 2324 p.
294 2244 379 2323 128]
413 2245 495 2311 Ittd.
530 2250 574 2328 [p.
610 2249 673 2325 12.]
728 2239 883 2327 ἀληθεινὴ
909 2241 982 2319 ὁδὸς
1006 2241 1042 2312 Α

116 2369 196 2414 vers.
219 2351 252 2414 2.
285 2346 440 2433 Ἀληθινὴ
477 2349 566 2428 ὁδὸς)
597 2347 675 2434 ἀλή-
730 2344 867 2432 ἀληθινὴ
903 2344 976 2422 ὁδος
1006 2337 1322 2416 VLBRDWPCK

119 2451 197 2514 θεια

73 2557 158 2638 [XX
181 2559 211 2621 2.
246 2576 276 2637 p.
299 2559 384 2636 132.]
420 2559 502 2622 Ibid.
537 2563 580 2640 [p.
611 2561 675 2638 32]
729 2551 876 2618 δοκοῦσιν
900 2555 978 2618 εἶναι

120 2679 199 2726 vers.
232 2662 281 2725 15.
310 2658 467 2724 Δοκοῠσιν
498 2661 591 2742 εἶναι)
624 2661 676 2724 δο-

122 2772 242 2829 κοῦσαι

76 2871 159 2953 [XX
185 2871 213 2933 2.
245 2889 274 2950 p.
299 2871 384 2948 132.]
419 2869 501 2934 Isti.
538 2873 582 2951 [p.
611 2871 675 2949 32]
728 2865 879 2951 καθάπερ
902 2866 934 2930 αἱ
956 2864 991 2935 Α

121 2995 199 3040 sors.
222 2975 270 3037 15.
294 2974 358 3052 [18.
381 2973 496 3038 debuit
518 2973 675 3051 seribere]
729 2969 836 3054 ὥσπερ
863 2971 894 3034 αἱ
916 2968 1230 3043 VLBRDWPOK

118 3076 248 3159 Ὥσπερ
271 3075 318 3156 αἱ)
340 3075 491 3160 καθάπερ

180 3253 292 3315 Piimo
327 3253 414 3314 enim
450 3252 535 3332 locu,
576 3257 685 3314 utrum
710 3270 769 3333 pru
792 3252 962 3316 Meibomii
984 3254 1095 3317 verbis
1118 3255 1258 3335 accipias
1280 3274 1323 3317 un

75 3355 220 3420 Relsndi
243 3373 295 3440 ee,
329 3375 416 3438 quae
437 3375 537 3438 supra
560 3360 727 3440 exscripsi,
751 3359 898 3436 dubites,
932 3375 970 3419 ac
999 3357 1152 3434 seeundo,
1187 3377 1262 3420 eum
1286 3360 1319 3421 in

74 3462 193 3525 eudem
218 3479 316 3524 versu
340 3464 368 3523 5.
393 3461 524 3542 legatur
547 3467 725 3544 utrumque
757 3463 959 3526 vocabulum
980 3461 1054 3543 τὴν,
1089 3467 1197 3524 utrum
1234 3464 1323 3544 prius

75 3585 119 3628 an
142 3564 303 3646 posterius
326 3563 476 3648 defuerIt
500 3563 647 3642 dubium,
671 3567 731 3628 etsi
755 3567 844 3646 prius
867 3565 1010 3629 defuisse
1025 3565 1252 3644 verisimilium
1275 3585 1323 3628 re-

76 3669 175 3751 liquis
198 3673 310 3730 autem
334 3668 413 3731 lueis
437 3665 589 3730 videntur
612 3667 753 3732 defuisse
776 3670 808 3730 in
832 3669 945 3733 codiee
968 3665 1138 3752 voeabula,
1161 3687 1247 3752 quae
1260 3688 1324 3734 nun

75 3777 285 3855 repetuntur,
318 3774 347 3834 si
369 3770 504 3854 quidem
528 3772 621 3849 eliis,
655 3773 712 3855 qui
740 3773 774 3834 iu
809 3791 834 3834 c.
857 3773 940 3836 XIX
963 3775 983 3835 5
1006 3778 1038 3836 et
1061 3774 1093 3835 iu
1115 3791 1141 3835 e.
1163 3773 1319 3836 xxlllt

75 3881 215 3960 exstent,
239 3877 317 3939 locis
340 3875 440 3939 fidem
464 3875 637 3939 hebemus:

76 4019 119 4096 [p.
144 4015 229 4093 132.]
252 4011 312 4078 Ὃν
335 4011 509 4094 ἐπεπώκει)
533 4013 555 4075 ἃ

250 4116 407 4204 Ἀπάτης)
429 4116 504 4182 add.
527 4115 681 4182 ἐπεπάιιει

78 4257 133 4320 ubi
158 4257 355 4322 voeabulum
379 4254 532 4320 ἐπεπάιιει
549 4259 659 4340 priore
682 4258 754 4321 loeo
778 4277 850 4323 esse
865 4259 1023 4323 omissum
1041 4259 1249 4322 niuuisestum
1267 4265 1324 4324 est.

77 4397 121 4474 [p.
145 4395 229 4474 132.]
252 4392 363 4480 Λέγεις
385 4401 486 4459 ταῦτα
510 4394 565 4474 τά)
590 4401 692 4459 ταῦτα
714 4391 817 4480 λέγεις

79 4533 134 4598 ubi
150 4529 186 4602 II
208 4535 367 4600 consentit
388 4553 462 4599 eum
475 4529 519 4606 A,
541 4534 569 4598 si
591 4533 734 4598 defuisse
756 4535 789 4598 in
812 4553 852 4600 eo
876 4535 1073 4598 vocabulum
1095 4532 1136 4596 τά
1157 4537 1322 4616 putamus.
