3062 5070
718 367 923 430 „32-

203 548 367 615 XXXVII
390 549 409 611 2
434 551 500 622 πῶς
523 544 584 607 οὐκ
608 543 634 606 εἰ
850 546 917 615 πῶς
942 538 1015 624 οὐχὶ
1037 533 1252 606 VBRDWP

849 656 917 725 πῶς
941 648 968 711 εἰ
991 644 1028 714 K

203 757 383 821 XXXVIII
406 756 428 817 4
450 755 525 816 ὅταν
547 750 568 835 ἡ
592 748 772 834 περίστασις
851 753 926 815 ὅταν
948 751 969 835 ἠ
993 749 1174 834 περίστασις

204 860 353 924 XXXIX
375 857 395 922 3
418 865 480 920 ποῦ
505 855 540 918 δὲ
563 854 580 917 ὁ
604 852 742 930 πλοῦτος
850 853 925 918 οὐδὲ
948 853 965 917 ὁ
990 853 1128 929 πλοῦτος
1156 849 1374 920 VBRDWP

849 966 911 1022 πσῠ
936 958 953 1022 ὁ
976 955 1114 1034 πλοῦτος
1138 954 1173 1024 Κ

204 1069 290 1132 XLl
312 1064 508 1152 ἀσεβέστατα
520 1062 625 1125 καὶτὰ
638 1060 796 1123 δοκοῦντα
850 1062 1046 1150 ἀσεβέστατα
1069 1061 1124 1124 καί
1144 1062 1183 1124 τὰ
1206 1059 1410 1146 αἰσχρότατα

893 1167 1050 1231 δοκοῦντα
1073 1162 1288 1236 VBRDWP

850 1271 1045 1359 ἀσεβέστατα
1069 1269 1227 1336 δοκοῦντα
1250 1269 1286 1339 Κ

308 1502 453 1567 Conicint
475 1503 573 1580 igitur
598 1499 733 1560 sortasse
756 1493 880 1574 aliquis,
901 1485 1089 1556 codicemC
1113 1509 1131 1552 ε
1154 1491 1282 1554 duobus
1296 1490 1453 1554 codicum

205 1609 379 1691 generibus
402 1607 448 1668 ita
471 1623 541 1666 esse
565 1604 723 1684 mixtum,
758 1604 793 1661 ut
825 1601 858 1659 iu
892 1599 997 1659 altera
1036 1596 1137 1659 libelli
1169 1599 1263 1675 porte
1293 1595 1453 1658 librarius

205 1712 342 1775 meliore
367 1728 442 1772 usus
465 1719 536 1770 esse
559 1705 757 1786 exemplari,
791 1704 860 1764 sive
884 1701 1052 1763 Meibomii
1074 1700 1145 1762 sive
1168 1699 1250 1782 sliu,
1286 1699 1451 1780 putandus

205 1818 261 1894 sit;
295 1820 364 1876 tum
398 1813 571 1893 opinemur
594 1827 725 1872 necesse
747 1812 796 1869 est
818 1805 954 1886 carptim
978 1803 1168 1866 adhibuisse
1192 1803 1382 1882 librarium,
1420 1809 1453 1866 et

206 1939 304 2001 quem
330 1919 417 1999 prius
441 1917 674 1996 exscripserat,
704 1917 735 1974 et
759 1928 859 1992 quem
884 1926 957 1971 sero
981 1913 1092 1975 nectus
1116 1911 1201 1985 eret,
1236 1907 1381 1972 codicem
1409 1927 1451 1970 ec

206 2023 428 2097 correctiones,
451 2037 533 2102 quas
556 2019 661 2092 attuli,
685 2034 797 2079 omnes
820 2020 887 2077 tam
913 2013 1028 2095 prioris
1051 2031 1150 2093 quum
1168 2014 1356 2093 posterioris
1375 2032 1450 2094 par-

206 2129 246 2188 tis
268 2127 311 2189 ab
334 2126 399 2188 elio
422 2143 528 2205 eoque
551 2122 731 2185 recentiore
755 2119 898 2200 libreriO,
932 2119 984 2178 cui
1006 2115 1095 2178 idem
1119 2116 1293 2196 exemplar
1316 2123 1448 2197 praesto

207 2234 309 2313 esset,
341 2228 469 2292 additas
493 2247 570 2290 esse.
615 2223 712 2308 Quod
735 2227 781 2287 ita
803 2221 925 2285 recedit
947 2239 968 2283 s
992 2222 1137 2297 veritate,
1162 2225 1196 2282 ut
1219 2239 1259 2282 ne
1282 2221 1353 2282 veri
1376 2223 1449 2302 qui·

207 2332 283 2395 dem
305 2332 347 2394 sit
367 2333 485 2395 simile.
508 2329 644 2395 Codices
666 2320 980 2396 VLBRDWPCK
1004 2326 1090 2388 enim
1117 2357 1155 2370 -
1181 2323 1268 2406 quod
1291 2325 1376 2386 inire
1398 2344 1449 2388 er-

206 2437 368 2518 gumentis
391 2436 538 2517 probabo
552 2471 592 2480 -
605 2454 662 2516 per
685 2439 789 2498 totum
812 2435 963 2497 libellum
986 2433 1031 2493 ito
1053 2431 1136 2491 iuter
1158 2448 1194 2490 se
1216 2429 1379 2508 differunt,
1417 2435 1449 2492 ut

208 2533 259 2617 V,
293 2558 435 2621 quocum
459 2540 655 2621 plerumque
678 2539 754 2601 facil
776 2534 827 2622 L,
860 2537 1006 2600 omnium
1032 2533 1182 2596 videatur
1205 2551 1276 2596 esse
1299 2535 1447 2615 archety-

208 2665 278 2728 pus,
301 2631 419 2726 reliqui
441 2649 549 2706 sutem
573 2643 606 2704 in
629 2641 710 2704 duas
734 2641 931 2705 dividendae
954 2641 1017 2701 sint
1040 2637 1203 2720 familiae,
1238 2655 1379 2718 quorum
1402 2639 1447 2702 el-

208 2755 279 2813 tere
300 2741 457 2826 BRDW,
479 2749 584 2810 altera
604 2739 670 2812 CK
693 2750 906 2822 eontinentur,
937 2763 1010 2806 cum
1036 2737 1065 2806 P
1090 2740 1257 2823 usquead
1282 2761 1307 2804 e.
1332 2742 1446 2805 XXXI

56 2895 89 2920 ,ι
208 2855 308 2916 faeiat
340 2873 414 2917 cum
450 2854 518 2930 his,
552 2851 671 2914 deinde
704 2873 780 2914 cum
803 2845 960 2918 BRDW.
1006 2844 1179 2928 Vigilur,
1213 2846 1301 2928 quod
1339 2849 1446 2911 multis

209 2958 289 3020 loeis
312 2964 359 3022 est
382 2958 627 3034 demonstrare,
661 2958 812 3036 proxime
834 2957 960 3021 secedit
982 2955 1023 3018 ed
1047 2952 1091 3034 A,
1121 2971 1225 3036 quere
1256 2946 1284 3019 C
1306 2955 1445 3018 similem

210 3063 241 3124 ei
264 3081 336 3126 esse
359 3066 542 3144 oporteret,
576 3063 604 3124 si
638 3078 656 3123 e
686 3063 832 3126 melioris
855 3062 983 3144 generis
1007 3061 1191 3142 exemplari
1214 3060 1246 3120 in
1269 3059 1446 3140 posteriore

210 3166 344 3247 quidem
379 3171 472 3248 parte
441 3170 590 3230 tesset
624 3164 820 3250 descriptus3
853 3165 912 3230 sed
944 3167 1066 3228 mirum
1100 3169 1259 3332 unentum
1294 3161 1447 3225 recedunt

210 3265 273 3337 CK
298 3290 360 3335 non
382 3271 489 3335 solum
511 3289 532 3332 ε
553 3263 711 3354 BRDW,
733 3271 846 3334 sedet
815 3271 914 3332 etiem
938 3290 958 3333 ε
981 3264 1058 3335 Vh.
1118 3269 1156 3332 In
1179 3286 1217 3331 eo
1240 3269 1272 3348 ig
1253 3267 1340 3328 ⁰itur
1364 3270 1446 3328 sture

210 3376 369 3439 debemus
390 3370 589 3442 codicemil
622 3393 643 3438 a
675 3375 781 3456 primo
804 3372 847 3437 ed
870 3375 928 3436 ult
908 3379 1025 3436 timum
1048 3393 1154 3456 usque
1175 3378 1273 3452 caput
1296 3369 1338 3432 ad
1361 3370 1444 3434 idem

211 3498 312 3561 genus
336 3480 506 3560 pertinere.

317 3618 368 3680 An
390 3619 558 3683 Meibomii
573 3613 576 3625 ”
592 3620 698 3683 codex
727 3621 759 3681 in
792 3619 898 3682 ultera
919 3619 1025 3683 libelli
1047 3623 1140 3700 perte
1164 3637 1182 3682 e
1204 3616 1374 3680 deterioris
1394 3632 1446 3696 ge·

212 3723 298 3785 neris
332 3723 444 3786 codice
478 3730 526 3787 est
560 3725 812 3806 transscriptus?
858 3723 954 3806 Quod
983 3742 1047 3786 non
1071 3725 1174 3806 magis
1200 3727 1249 3785 est
1272 3719 1445 3802 probabile,

213 3847 286 3888 curn
320 3845 428 3908 neque
460 3830 591 3891 omnino
614 3847 689 3890 eum
712 3827 847 3909 reliquis
870 3828 1050 3890 consentiet
1072 3832 1124 3906 et,
1156 3827 1203 3890 ite
1225 3827 1253 3890 si
1274 3841 1445 3904 censemus,

213 3949 294 4012 ques
317 3923 345 3996 C
370 3931 470 3994 babet
491 3933 725 4014 correctiones,
759 3931 891 3994 easdem
922 3933 956 3992 in
978 3931 1145 3994 Meibomii
1177 3949 1310 4014 quoque
1341 3947 1444 3992 exem-

185 4055 196 4117 χ
213 4035 297 4116 plari
320 4036 496 4120 exstitisse,
529 4038 599 4100 sive
630 4057 671 4100 m.
692 4037 717 4100 I.
737 4036 808 4099 sive
831 4035 1013 4098 recentime
1035 4037 1179 4116 scriptas,
1202 4037 1373 4116 opinemur
1395 4051 1444 4096 ne-

214 4157 305 4203 cesse
327 4141 377 4204 sit.

317 4279 393 4342 Una
403 4279 501 4360 igitur
513 4286 560 4344 est
571 4281 803 4362 interpretatio,
825 4296 900 4361 qua,
923 4277 1010 4342 unde
1033 4280 1135 4342 mirus
1155 4281 1207 4344 hic
1230 4273 1444 4346 codicumMO

214 4400 388 4446 consensus
411 4384 509 4448 diicat
530 4385 700 4466 originem,
727 4385 827 4465 possit
849 4382 942 4446 reddi
954 4383 1134 4464 probabile,
1155 4387 1444 4466 invenientescrm·

215 4489 289 4548 tura
301 4486 680 4552 editioniMcibomienue
695 4486 809 4550 addite
830 4488 1002 4552 nonnullas
1016 4493 1104 4552 certe
1117 4489 1443 4572 exhiberiscripturss
