3062 5070
552 1259 753 1388 11111
788 1259 828 1385 1.

64 1509 116 1580 ΒΕ
149 1507 319 1582 1111111Βῦ8
353 1508 458 1580 dull!
491 1508 621 1580 11111111
653 1506 815 1580 ΒΕΒΕῘΙὸ
837 1505 1021 1576 milis!
1044 1505 1310 1581 Ε11Ε1111111111Ε

429 1629 533 1700 sulti
554 1631 737 1701 ΑΒΗΙΒΙῘΑ
756 1627 948 1701 suasinus.

169 1821 307 1887 Codices
322 1841 397 1886 mss.
420 1824 567 1905 quinque
582 1859 624 1872 -
640 1827 772 1906 praeter
794 1841 880 1907 eum,
902 1838 922 1884 e
944 1837 1009 1902 quo
1032 1819 1132 1884 editio
1154 1822 1305 1905 princeps

64 1945 221 2008 expressa
242 1931 314 1992 erat
346 1963 389 1974 -υ
422 1925 532 1990 adhuc
554 1929 680 1990 excussi
702 1929 795 2005 sunl,
829 1942 969 2008 quorum
1000 1927 1154 2006 quattuor
1175 1926 1310 1990 Parisiis

63 2034 255 2108 servantur,
288 2031 420 2113 quintus
454 2031 567 2094 esula
589 2031 762 2094 collatione
781 2030 825 2093 M.
846 2028 1017 2092 Moibomii
1040 2027 1174 2091 editioni
1197 2029 1310 2094 addila

63 2136 159 2200 nobis
189 2141 283 2197 notus
316 2139 373 2198 est.
417 2134 532 2198 Trium
556 2139 729 2217 praeterea
752 2133 902 2198 codicum
924 2131 1040 2195 nolitia
1061 2133 1192 2211 exstitit,
1215 2135 1310 2198 unius

65 2237 306 2316 Laurentiani¹)
330 2243 362 2302 et
384 2237 525 2302 duorum
548 2234 790 2316 Venetorum²l.
831 2234 880 2300 Ad
904 2253 986 2317 quos
1008 2235 1137 2300 codices
1160 2257 1235 2300 mss.
1258 2257 1309 2304 ac·

63 2347 232 2406 cesserunt
265 2339 352 2405 duae
384 2343 571 2419 versiones,
608 2341 714 2404 altera
743 2339 847 2403 latina
877 2351 904 2401 'a
935 2338 1127 2404 LUDOVIOO
1159 2339 1307 2409 ODAXIO

64 2443 198 2523 1111111),
231 2463 318 2526 quaa
351 2445 447 2528 plura
480 2445 616 2509 exhibet
637 2445 671 2506 in
692 2443 757 2507 fine
778 2437 882 2506 verba
904 2460 1004 2524 quam
1028 2440 1127 2506 editio
1149 2447 1308 2528 princeps,

63 2550 172 2613 altera
194 2549 330 2613 arabica
352 2550 496 2630 primum
518 2550 561 2612 ab
583 2549 612 2612 J.
635 2547 880 2612 ELICHMANNO
903 2545 1005 2629 edite,
1028 2563 1095 2628 qua
1116 2548 1188 2610 sola
1209 2552 1307 2613 totius

63 2655 170 2719 libelli
203 2653 275 2716 linis
302 2653 396 2716 uobis
423 2651 560 2744 traditus
592 2651 679 2732 esl⁴).
722 2649 787 2714 Sed
816 2650 859 2715 de
888 2648 1037 2712 codicum
1059 2653 1092 2713 el
1114 2653 1302 2716 versionum

170 3015 193 3084 ¹]
227 3011 478 3081 Schweigb.1798.
496 3013 579 3082 praes.
598 3028 622 3080 p.
641 3009 737 3064 CXIX.
755 3011 835 3064 Dros.
852 3011 937 3081 prael.
954 3027 980 3080 p.
999 3009 1045 3063 Vl.

168 3101 193 3170 ²)
228 3099 349 3154 Fabricii
367 3100 432 3153 bibl.
450 3116 490 3168 gr.
509 3116 565 3152 cur.
583 3099 688 3152 Harles.
706 3099 739 3151 11.
758 3115 783 3168 p.
803 3098 861 3151 705.

169 3188 195 3257 ³)
230 3186 398 3239 Censorinus
417 3179 514 3238 de'die
532 3185 625 3238 natali.
647 3185 755 3237 Tabula
773 3184 891 3238 Cebetis.
908 3184 1045 3252 Dialogus
1063 3184 1182 3238 Luciaui
1206 3185 1305 3238 Euchi-

64 3277 157 3327 ridion
173 3273 299 3343 Epicteti.
311 3272 435 3324 Basilius.
448 3272 613 3324 Plutarchus
625 3271 659 3324 de
671 3273 778 3326 invidia
791 3276 818 3324 et
831 3272 903 3325 odio.
920 3271 1150 3326 Bononiae1497.
1161 3272 1308 3324 —Addila

63 3368 104 3414 est
123 3362 190 3414 haec
209 3359 300 3410 versio
319 3358 490 3411 editionibus
499 3357 684 3428 Eliclunauui,
702 3358 847 3428 Johnsoni,
868 3358 1023 3427 Schweigln
1041 3359 1116 3412 1798.
1133 3390 1169 3402 -
1185 3358 1227 3412 De
1244 3359 1306 3412 aliis

65 3449 148 3500 huius
165 3447 300 3499 versionis
318 3445 488 3497 editionibus
505 3461 536 3496 ac
554 3446 588 3498 de
607 3447 750 3516 universis,
769 3447 819 3514 qui
836 3445 871 3497 od
882 3444 1012 3498 Cebetem
1030 3451 1160 3516 spectant,
1179 3447 1258 3500 libris
1271 3447 1305 3500 cs.

65 3532 368 3602 praeter-Eugelmanui
386 3531 585 3584 bibliothecam
596 3531 622 3584 S.
630 3531 657 3584 F.
666 3533 697 3584 d.
711 3531 860 3584 Hoffmann
878 3531 933 3586 lex.
951 3533 1081 3601 bibliogr.
1100 3533 1120 3586 l.
1137 3549 1157 3586 s.
1175 3551 1200 3587 v.
1212 3531 1308 3587 Cebes.

63 3653 99 3662 -
116 3621 157 3672 Dc
179 3619 290 3672 Odaxio
308 3621 340 3672 ct'.
359 3617 476 3672 Joecher
493 3617 557 3688 alig.
575 3618 711 3672 Cel-Lex.
729 3635 749 3672 s.
767 3637 792 3672 v.
811 3618 924 3672 Odaxis.
948 3619 1112 3672 Tirabosohi
1130 3623 1216 3674 storia
1235 3621 1309 3674 della

65 3709 152 3760 letter.
178 3705 239 3758 Ital
258 3705 357 3759 Nuova
375 3706 451 3760 Ediz.
470 3705 515 3758 vt
540 3722 564 3774 p.
588 3705 608 3758 L
628 3723 653 3776 p.
671 3706 705 3758 54
722 3721 782 3774 sqq.
827 3705 851 3759 d.
869 3705 892 3760 J.
910 3706 1065 3776 Wippelius
1084 3707 1118 3760 da
1136 3707 1200 3762 Ceb.
1218 3707 1307 3764 Theb.

66 3795 165 3864 philos
184 3793 288 3846 socrat.
305 3794 360 3846 tab.
379 3791 548 3845 verisimilia
567 3793 694 3846 Altouae.
713 3793 787 3846 1744
805 3809 831 3862 p.
850 3793 883 3844 12
901 3808 960 3864 sqq.

168 3881 194 3950 ⁴]
230 3879 337 3932 Tabula
349 3879 467 3950 Cebetis,
480 3881 591 3949 Graece,
610 3881 737 3950 Arabius,
756 3879 859 3950 Latius,
877 3879 949 3934 Item
965 3896 1050 3934 aureo
1066 3883 1190 3934 carmina
1201 3880 1304 3948 Pytha-

65 3985 158 4036 gorae,
185 3983 247 4018 cum
274 3967 435 4036 paraphrasi
461 3967 589 4036 Arabica,
613 3969 736 4020 Auctore
761 3966 887 4020 dohauue
911 3967 1094 4022 Elicluuauuo
1112 3968 1146 4022 11.
1164 3967 1197 4021 D.
1232 3967 1304 4020 Cum

68 4055 237 4124 praelatione
255 4053 295 4107 Cl.
313 4054 448 4106 Salmasii.
467 4053 598 4123 Lugduni
617 4056 709 4108 Bntav.
728 4054 815 4124 Typis
833 4053 892 4108 loa
911 4055 1003 4108 idcirc.
1028 4055 1103 4110 1640.
1120 4088 1155 4098 -
1183 4057 1260 4123 Quae
1278 4059 1308 4108 iu

67 4145 118 4194 tine
137 4142 204 4194 boec
223 4143 315 4193 versio
337 4141 418 4210 plura
436 4140 551 4193 exbibet
569 4142 662 4211 verba,
681 4158 713 4194 ea
730 4157 767 4194 ex
784 4141 871 4194 latius
889 4142 1066 4196 Elichrnauni
1086 4145 1213 4196 versione
1232 4159 1308 4212 prae·

68 4236 108 4281 ter
125 4227 282 4298 Schweigh.
314 4227 404 4298 [1798.
421 4229 506 4298 praei.
526 4245 550 4298 p.
568 4227 680 4280 CLVlil
697 4230 771 4298 sqq.)
797 4233 825 4281 et
842 4228 921 4282 Dros.
939 4230 968 4281 iu
996 4229 1048 4298 liis,
1075 4243 1144 4298 quse
1162 4231 1220 4298 ipso
1239 4231 1306 4298 vidi,

69 4319 180 4368 exstant
197 4315 384 4368 editionibus:

170 4403 283 4470 Epicteti
298 4405 468 4456 enchiridium
486 4421 541 4458 sino
559 4421 617 4456 culn
637 4405 693 4458 oso.
715 4405 789 4458 Theo.
811 4406 860 4458 aab.
879 4405 923 4458 Eo
939 4421 988 4458 rec.
1006 4403 1067 4456 Aer.
1085 4403 1205 4456 flatelli.
1223 4402 1308 4466 Lupa.

71 4491 130 4542 nae.
149 4498 173 4542 sl
191 4489 294 4544 Amaras
313 4491 356 4542 Ea·
379 4493 421 4560 off.
443 4493 583 4544 DauAdr.
602 4500 626 4544 et
646 4493 707 4545 lor.
725 4493 891 4546 ouaaaoack.
911 4495 981 4542 1110.
1002 4519 1034 4530 -
1053 4491 1101 4556 Is'p.
1120 4492 1188 4540 esich.
1207 4495 1231 4539 et
1251 4489 1308 4538 Cal.

71 4581 118 4628 tob.
137 4579 241 4630 Arnslel.
261 4577 302 4628 Ex
321 4579 363 4646 off.
383 4579 463 4630 Iieur.
482 4589 505 4630 et
527 4579 620 4630 Theoti.
642 4581 728 4632 lloovu.
748 4583 819 4630 1670.
839 4608 869 4616 -
893 4579 938 4646 Ep.
957 4581 1028 4630 euch.
1047 4587 1069 4629 el
1085 4579 1140 4628 Ccd.
1161 4578 1210 4628 tub.
1232 4575 1309 4626 Greci-

1104 4682 1133 4732 ¹·
