3062 5070
702 362 905 424 ..72-

187 533 299 617 Quare
321 533 482 616 continua,
505 533 613 616 quoad
630 535 699 598 eius
721 535 792 596 ficri
815 537 929 620 potest,
951 535 1129 598 verborum
1151 535 1326 598 latinorum
1352 554 1434 598 cum

186 637 313 718 graecis
328 640 590 720 comparatione,
606 657 700 722 ‘quae
722 634 886 706 codicis0
909 640 1005 702 fuerit
1027 638 1161 716 indoles,
1184 639 1432 722 exquirendum

187 745 244 804 est.
289 740 339 804 Ac
361 742 464 804 tribus
487 745 574 805 certe
602 743 682 805 locis
708 743 750 806 ab
773 745 932 820 omnibus,
963 761 1046 825 quos
1068 745 1228 828 novimus,
1260 743 1434 807 codicibus

187 845 308 907 mirum
341 848 500 927 quantum
532 845 637 910 distat.
692 846 728 908 In
760 864 786 908 c.
816 848 895 911 XIV
925 849 944 910 2
979 849 1066 910 enim
1098 847 1230 912 videtur
1264 849 1434 911 exstitisse

187 948 307 1011 lacuna
329 966 349 1011 a
371 949 540 1013 vocabulis
564 950 601 1032 νὴ
618 946 676 1010 Δία
694 947 749 1011 καί
766 948 829 1012 ὧδε
852 969 957 1034 nsque
980 950 1022 1014 ad
1045 952 1208 1016 vocabula
1230 953 1268 1034 νὴ
1291 948 1350 1012 Δία
1375 949 1434 1012 καὶ

189 1049 256 1135 μετ’
277 1051 374 1136 αὐτῆς
397 1072 444 1136 γε,
473 1055 533 1116 nisi
562 1055 668 1136 potins
698 1073 826 1118 errasse
850 1053 1018 1120 Odaxinm
1040 1055 1094 1118 vel
1116 1056 1302 1136 typothetae
1325 1060 1433 1136 putes.

186 1157 224 1220 In
247 1155 394 1220 eiusdem
425 1163 536 1221 autem
564 1159 679 1239 capitis
707 1159 771 1222 line
798 1163 854 1222 ant
883 1160 915 1220 in
946 1158 1058 1222 codice
1084 1159 1151 1222 alia
1173 1160 1306 1243 invenit,
1327 1163 1434 1241 atque

185 1261 220 1322 in
242 1261 358 1324 nostris
380 1257 543 1345 leguntur,
569 1266 626 1324 aut
655 1263 726 1343 ipso
754 1264 878 1325 erravit
900 1261 1064 1340 Odaxius3
1097 1263 1197 1326 habet
1219 1251 1307 1324 enim
1331 1263 1431 1325 haec:

186 1370 253 1427 lum
283 1363 407 1428 demum
436 1367 485 1430 ito·
508 1365 589 1428 suini
624 1373 653 1430 et
682 1367 852 1431 incolumes
885 1374 986 1431 crunt.
1045 1367 1151 1450 Neque
1184 1366 1248 1428 ιιίίο
1287 1385 1429 1452 unquam

179 1465 290 1550 falsae
326 1467 514 1552 disciplinae
552 1471 728 1533 commertio
767 1470 957 1554 lobesminri
997 1479 1146 1554 poterunt
1183 1492 1280 1554 neque
1316 1471 1429 1534 iorum

187 1571 363 1636 studiorum
379 1573 486 1655 qratia
509 1573 587 1636 mmi
610 1574 773 1658 quippiam
796 1575 1020 1659 adipiscentur.
1064 1576 1101 1638 In
1125 1575 1292 1638 codicibus
1316 1579 1429 1638 autem

188 1674 271 1738 haec
293 1681 440 1739 exstant:

356 1841 622 1917 AVLBRPGK
1064 1849 1207 1920 DWEF

188 1949 260 2014 τότε
283 1953 321 2016 ἂν
340 1953 431 2032 [τότε
453 1955 515 2038 γὰρ
539 1957 577 2019 ἂν
594 1954 676 2036 BR)
700 1958 782 2020 οὕτω
834 1959 906 2023 τότε
935 1961 997 2044 γὰρ
1029 1961 1066 2022 ἂν
1100 1961 1200 2035 οὕτως
1217 1945 1430 2040 Ῐσωθήοονται

233 2056 349 2134 (οὕτως
399 2055 516 2140 ABR)
581 2058 784 2144 σωθήσονται
880 2062 954 2127 οὐδὲ
996 2061 1136 2146 ἐλλείψει
1174 2063 1290 2137 αὐτοὺς
1326 2061 1428 2124 κακὸν

232 2159 295 2224 ὢδε
324 2161 359 2224 δὲ
391 2162 470 2242 (ὧδε
498 2163 553 2227 καί
577 2159 654 2246 PU)
677 2163 784 2250 nivon-
880 2167 971 2232 οὐδὲν
996 2169 1091 2232 ἕνεκα
1114 2166 1233 2230 τούτων
1251 2173 1314 2230 τῶν
1328 2163 1429 2250 μαθη-

234 2293 285 2349 τες
307 2273 395 2355 παρὰ
417 2281 454 2358 τῆ
479 2272 707 2356 ψευδοπαιδεία
732 2275 783 2337 οὐ·
881 2271 986 2355 μάτων

233 2373 348 2439 δίποτε
401 2375 665 2462 cantoennensi
709 2376 784 2440 οὐδὲ

233 2477 372 2562 ἐλλείψει
404 2481 519 2557 αὐτοὺς
556 2481 660 2544 κακὸν
693 2479 784 2544 οὐδὲν

233 2583 328 2674 ἕνεκα
357 2583 477 2648 τούτων
500 2591 562 2648 τῶν
586 2583 783 2669 μαθημάτων

192 2774 337 2857 Apparet
384 2779 483 2859 igitur
528 2796 588 2859 pro
632 2779 795 2842 vocabulo
839 2776 903 2841 ὦδε
943 2782 1001 2840 aut
1041 2777 1196 2858 scriptum
1238 2776 1338 2838 fuisse
1375 2779 1429 2837 aut

190 2877 357 2942 Odexium
405 2899 517 2945 errore
561 2888 692 2964 capium
737 2881 856 2964 legisse
903 2879 994 2958 οὐδὲ,
1049 2881 1250 2944 vocabulum
1293 2875 1428 2960 ἐλλείψει

189 2988 299 3047 autem
329 2987 386 3047 aut
413 2985 513 3050 fuisse
546 2992 734 3068 corruptum
770 2983 933 3070 (ἐλλήψει)
956 2990 1013 3048 aut
1046 2985 1121 3049 cons
1108 2983 1229 3047 fudisse
1263 2981 1426 3047 Odaxium

190 3089 322 3150 cumin
302 3091 397 3153 uturo
421 3090 512 3154 verbi
538 3087 718 3175 λαμβάνειν.
765 3089 847 3155 Inc.
873 3078 1004 3154 XXXV
1028 3083 1047 3152 3
1072 3106 1181 3151 auctu
1206 3087 1361 3150 solusim
1385 3086 1427 3148 let

189 3189 362 3277 lacunam,
409 3212 510 3275 quam
552 3212 665 3259 omnes
701 3196 860 3279 praebent
848 3191 1016 3288 teodices
1044 3094 1425 3271 (VBRDWPCKHXFX),

190 3294 221 3356 in
245 3296 356 3360 verbis
381 3293 428 3360 ὃτι
452 3295 480 3360 οί
503 3296 536 3362 ἐν
559 3297 624 3376 (ὅτι
647 3297 680 3363 ἐν
707 3295 789 3374 GK]
775 3304 856 3374 )τω
878 3281 994 3381 πρώτω
1022 3293 1127 3377 (beuti
1130 3314 1174 3378 ροι
1198 3291 1248 3374 Κ)
1235 3294 1362 3380 )βπερι
1345 3292 1424 3380 βὸλοι

191 3397 218 3460 εἰ
234 3397 331 3484 μηδὲν
348 3399 429 3465 ἄλλο
447 3402 464 3465 ὃ
482 3403 730 3485 προσποιοῦνταί
749 3424 787 3488 γε
811 3407 1074 3486 (προσποιοῦνται
1089 3381 1256 3472 DWEti
1242 3397 1424 3462 ἐπίστασθαι

191 3503 252 3565 οὐκ
292 3501 411 3570 οἴδασιν
449 3509 511 3570 hoc
546 3507 663 3573 modo:
708 3510 865 3590 Quoniam
903 3508 938 3570 in
972 3508 1075 3590 primo
1113 3505 1231 3568 ambitu
1268 3503 1324 3567 hoc
1357 3504 1424 3586 plns

189 3605 311 3691 hubent,
340 3609 421 3693 quod
443 3631 521 3695 quae
544 3612 692 3695 nesciunt,
726 3614 844 3678 messim
868 3632 899 3676 se
921 3631 984 3675 non
1008 3608 1217 3689 dissimulant,
1241 3606 1422 3671 insecundo

191 3731 262 3776 nero
296 3712 377 3777 iliud
412 3721 491 3780 certe
527 3718 677 3796 nesciunt,
713 3716 795 3802 quod
829 3716 909 3781 scire
941 3735 972 3778 se
1002 3713 1200 3798 profitentur.
1249 3708 1423 3793 Integriore

191 3816 291 3898 igitur
314 3818 444 3882 videtur
473 3839 549 3883 usus
581 3839 653 3885 esse
676 3820 797 3906 codice,
824 3819 1017 3904 praesertim
1048 3838 1123 3880 cum
1145 3819 1178 3880 in
1200 3811 1237 3884 K
1259 3815 1423 3878 manifesta

71 4253 73 4260 ,
192 4234 253 4284 belia
272 4236 376 4286 tabula:
395 4251 448 4300 quo
465 4236 532 4286 ninii
549 4238 705 4290 absolutius:
725 4255 777 4303 quo
795 4240 926 4289 ίιιιιιιαιιαο
944 4235 1011 4285 vitoe
1029 4235 1147 4300 ιίοοίριιία
1162 4235 1284 4300 mophim
1301 4241 1325 4285 ct
1343 4236 1420 4286 conde·
1458 4279 1461 4289 .

191 4336 250 4372 core
274 4321 463 4386 depinynniur:
489 4339 567 4388 quam
590 4326 720 4375 latinitate
747 4325 853 4376 donavit
878 4325 1023 4374 luculentus
1041 4323 1293 4388 interprea'mikique
1311 4322 1419 4372 amicissi-

191 4425 264 4460 mus:
290 4411 321 4460 de
345 4425 395 4474 quo
424 4411 492 4462 illud
515 4412 567 4462 dici
589 4412 747 4464 meritissimo
766 4419 858 4478 polest.
893 4411 1029 4477 Cecropiae
1052 4425 1183 4461 commune
1205 4410 1281 4460 decue
1305 4409 1419 4474 latineque

191 4495 322 4548 mimmii!
335 4511 346 4546 λ
364 4532 370 4545 ·
387 4523 418 4548 ιι
