3062 5070
708 393 912 456 ..53-

297 571 432 654 Aliquot
464 572 638 650 praeterea
669 567 767 650 loeis,
801 565 859 630 ubi
888 563 1082 628 dissentiunt
1111 559 1281 648 BRDW,
1317 563 1440 627 eadem

193 676 316 740 habant
338 674 442 738 verba
463 667 528 741 VC
558 679 592 734 ot
615 671 770 735 Drosilm:
805 669 960 733 XXVII
995 667 1100 732 πάντα
1133 666 1243 745 καλῶς
1277 665 1440 755 βιίυσεται.

192 778 324 843 XXVII
357 778 376 840 2
404 771 602 860 κατέχονται
627 771 663 836 δὲ
694 772 757 836 ὑπὸ
787 780 948 856 γυναικῶν
971 792 1072 836 τινιυν.
1119 773 1267 837 XXVIII
1292 775 1308 836 1
1333 771 1441 835 πάντα

191 883 281 950 κακά
303 877 406 965 λέγεις
431 881 539 955 αὐτοῖς
563 875 769 942 ἀκολουθεῖν.
815 877 1022 940 xxxvlla
1053 873 1161 960 ἀληθῆ
1186 896 1239 959 μοι
1262 874 1369 953 δοκεῖς
1385 874 1440 938 It·
1511 919 1512 922 ,

192 1005 282 1070 γειν;
325 1003 390 1049 uno
434 987 544 1048 aulem
565 984 657 1047 'looo
701 981 864 1061 (XXVIII
899 983 933 1060 1)
978 1000 1052 1044 oum
1089 977 1239 1048 BRDW
1280 983 1442 1047 consentit

128 1109 132 1116 ’
192 1090 333 1154 Drosihn
367 1090 400 1152 in
433 1087 603 1152 vocabulis
636 1085 699 1170 οὐχ
734 1083 887 1164 ἑαυτοὺς,
934 1103 1010 1148 aum
1048 1079 1111 1153 VC
1144 1087 1325 1166 praebeant
1364 1085 1441 1170 οὐχί

192 1193 316 1269 αὐτοὺς.
346 1192 572 1256 DononnulIIs
588 1196 701 1256 autam
718 1208 841 1265 eorum,
865 1206 947 1272 quos
971 1189 1137 1273 exscripsi,
1160 1190 1308 1254 locorum
1331 1209 1441 1273 pauca

192 1298 291 1362 liceat
314 1299 469 1379 prolerre.

295 1504 412 1568 XXXI
434 1504 463 1566 2.
509 1503 681 1568 Vooabula
704 1502 771 1566 οῖον
794 1509 861 1579 πῶς
885 1503 972 1579 ἴσους
995 1501 1141 1588 γίνεσθαι
1165 1522 1237 1567 esse
1260 1505 1439 1586 glossema,
1512 1487 1513 1504 ³

193 1609 282 1692 quod
305 1609 375 1672 sino
398 1605 499 1672 dubio
518 1625 562 1670 ox
574 1607 724 1688 margine
736 1607 768 1668 in
780 1607 922 1671 auctoris
934 1607 1038 1670 verba
1049 1606 1178 1670 illatum
1196 1613 1254 1691 esl,
1276 1614 1439 1690 apertum.

192 1712 257 1776 Sed
285 1729 399 1794 *nsque
431 1710 482 1773 his
515 1709 630 1774 deletis
663 1697 793 1792 r‘aliqua
825 1710 929 1774 verba
969 1715 1044 1772 sunt
1086 1712 1229 1792 integrm
1274 1731 1354 1776 nam
1396 1747 1436 1760 -

192 1819 228 1880 ut
250 1817 399 1900 mittam,
434 1833 521 1897 quaa
543 1814 592 1876 vis
615 1814 656 1876 sil
677 1815 830 1878 vocabuli
853 1814 940 1892 ἶσος,
975 1833 1137 1898 quaerero
1168 1851 1206 1862 -
1239 1815 1440 1881 offendimur

191 1937 241 2004 oo,
264 1920 350 2003 quod
375 1918 468 1982 deest
490 1918 689 1981 vocabulum
713 1916 768 1979 καὶ
790 1923 866 1983 ante
889 1916 985 2002 μήτε;
1025 1937 1100 1980 oum
1134 1920 1221 2000 enlm
1253 1921 1299 1983 ita
1322 1928 1440 2004 pergat

192 2029 307 2088 auctor
334 2020 412 2107 μήτε
447 2020 568 2106 χαίρειν
603 2022 678 2084 ὅταν
714 2019 789 2084 διδῶ
825 2020 903 2106 μήτε
935 2020 1070 2105 ἀθυμεῖν
1102 2022 1177 2085 ὅταν
1201 2020 1360 2108 ἀφέληται
1383 2022 1439 2086 καί

192 2124 272 2211 μήτε
306 2123 413 2210 ψέγειν
442 2127 540 2209 αὐτὴν
564 2124 642 2210 μήτε
665 2123 813 2204 ἐπαινεῖν,
837 2127 1042 2190 desiderator
1065 2127 1262 2190 vocabulum
1288 2126 1368 2209 καί,
1403 2135 1438 2190 ut

193 2236 374 2313 congruant
395 2230 459 2294 sibi
480 2230 536 2293 καί
558 2228 637 2315 μήτε
660 2228 781 2315 χαίρειν
812 2267 854 2277 -
889 2229 967 2315 μήτε
990 2228 1125 2313 ἀθυμεῖν
1149 2235 1181 2294 et
1201 2229 1258 2291 καί
1281 2227 1361 2314 μήτε
1383 2228 1438 2313 ψὲ-

192 2353 258 2418 γειν
280 2371 324 2380 -
348 2332 426 2418 μήτε
449 2332 597 2398 ἐπαινεῖν.
654 2334 751 2418 Quod
774 2355 849 2398 oum
874 2336 1030 2400 exhibeat
1052 2329 1099 2416 C,
1133 2336 1274 2398 conloias
1297 2337 1438 2399 sortasse

191 2439 376 2519 neglectum
413 2456 484 2502 esse
516 2434 605 2507 inv
634 2444 767 2521 propter
790 2441 954 2520 glossema
976 2441 1009 2502 in
1032 2440 1136 2503 verba
1160 2444 1343 2522 receptum3
1379 2440 1437 2503 sed

194 2542 329 2605 minima
352 2561 406 2606 ras
427 2543 474 2606 ita
496 2561 531 2608 se
554 2541 662 2606 habat.
698 2542 869 2607 Glossema
892 2545 978 2606 enim
1002 2545 1191 2625 glossemati
1213 2541 1365 2607 additum
1389 2549 1438 2608 est

192 2647 226 2710 in
247 2639 277 2713 G
299 2646 483 2729 delatisque
506 2648 675 2712 voeabulis
697 2646 785 2723 ἴσους
807 2644 975 2731 γίνεσθαι,
1004 2667 1092 2730 quaa
1118 2647 1160 2711 ad
1191 2647 1439 2729 interpretanda

189 2751 293 2815 verba
315 2748 394 2835 μήτε
416 2747 537 2835 χαίρειν
573 2787 616 2798 -
645 2749 724 2835 μήτε
747 2750 881 2835 ἀθυμεῖν
906 2789 948 2798 -
978 2752 1033 2814 καί
1056 2751 1135 2836 μήτε
1158 2748 1265 2834 ψέγειν
1288 2787 1331 2798 -
1355 2750 1434 2837 μήτε

190 2853 328 2917 ἐπαινεῖν
351 2857 385 2918 in
407 2858 556 2936 margins
578 2851 667 2919 haud
690 2855 790 2920 dublo
812 2857 955 2938 primum
979 2864 1072 2921 erant
1094 2859 1264 2938 amosiis,
1288 2862 1337 2920 ast
1359 2851 1437 2920 scriss

190 2959 353 3024 bendum:
384 2955 509 3021 κελεύει
537 2959 617 3042 πρὸς
645 2959 701 3035 τάς
735 2957 811 3042 παρ’
841 2959 938 3044 αὐτῆς
970 2958 1073 3037 δόσεις
1105 2957 1183 3044 μήτε
1213 2957 1335 3044 χαίρειν
1359 2961 1435 3023 ὅταν

190 3060 266 3147 διδῷ
300 3061 379 3147 μήτε
411 3061 546 3147 ἀθυμεῖν
580 3064 655 3126 ὅταν
691 3060 847 3149 ἀφέληται
884 3064 940 3126 καί
974 3063 1052 3148 μήτε
1087 3061 1194 3148 ψέγειν
1225 3064 1325 3147 αὐτὴν
1356 3063 1436 3150 μήτε

191 3165 371 3247 ἐπαινεῖνί).

292 3373 410 3437 XXXI
432 3376 461 3437 5.
484 3373 612 3439 OodIois
636 3368 665 3444 G
686 3376 848 3457 scriptura
871 3377 1016 3457 proiecta
1039 3382 1087 3440 ast
1109 3395 1129 3440 a
1152 3377 1287 3441 librario
1310 3379 1435 3461 aliquo,

190 3477 248 3559 qui
282 3479 509 3560 coniungenda
542 3497 613 3544 ossa
646 3479 811 3542 voeabula
844 3477 899 3542 καὶ
933 3481 1012 3563 πρὸς
1045 3481 1101 3563 τὴν
1124 3477 1200 3563 παρ’
1222 3481 1319 3565 αὐτῆς
1345 3479 1434 3544 δόσιν

189 3583 378 3646 oumvarbo
391 3581 476 3666 ἔχειν
489 3588 577 3647 raots
598 3583 776 3664 intellexit3
799 3583 857 3647 sed
880 3582 994 3648 dubito
1018 3583 1182 3667 squidem,
1206 3604 1285 3648 num
1308 3587 1355 3648 ita
1377 3605 1432 3649 ex-

189 3682 318 3764 peditus
348 3686 389 3748 sit
420 3687 518 3750 loeus
562 3687 644 3752 Dico
676 3688 762 3750 enim
792 3689 826 3752 in
848 3688 962 3752 oodice
985 3683 1014 3756 G
1036 3688 1199 3769 glossema
1222 3686 1313 3751 aliud
1336 3708 1437 3770 super

191 3786 282 3850 aliud
299 3806 372 3853 esse
388 3789 534 3854 additum
550 3791 727 3874 deletoque
742 3793 904 3857 vocabulo
928 3790 1013 3876 ἔχειν
1035 3792 1260 3857 scribendum:
1283 3789 1436 3869 ὡσαύτως

195 4089 607 4104 ———

295 4362 317 4431 1]
340 4363 372 4414 of.
395 4361 522 4414 XVIII3
548 4372 670 4432 σημεῖον,
695 4367 762 4434 ἔφη,
788 4369 827 4418 ὅτι
852 4366 977 4433 ἀσφαλής
1001 4383 1030 4418 τε
1052 4370 1099 4418 καί
1124 4368 1213 4432 βεβαία
1231 4368 1248 4433 ἡ
1267 4369 1333 4432 πρὸς
1353 4369 1435 4434 αὐτὴν

190 4450 378 4514 ὀδόςίστιιοῐς
396 4453 607 4520 ἀφικνουμένοις,
625 4456 672 4504 καῖ
689 4457 740 4505 τῶν
760 4453 904 4517 ottonom
923 4455 1048 4519 ἀσφαλὴς
1066 4454 1083 4519 ἡ
1103 4455 1174 4516 θόοις
1192 4461 1245 4518 τοῖς
1264 4456 1435 4523 λαμβάνουσι,

191 4533 240 4585 ubi
257 4534 355 4587 eodem
374 4537 458 4590 modo
477 4539 612 4606 repetitur
631 4553 733 4590 nomon
750 4537 956 4590 substantimm
975 4543 1002 4592 st
1019 4537 1144 4590 verbum.
