3062 5070
617 357 911 448 '-5s-

280 561 317 624 In
342 560 520 640 posteriore
547 559 646 640 igitur
669 557 775 621 libelli
797 561 890 638 perte
911 593 951 602 —
983 560 1019 619 ut
1041 551 1249 620 revertemur
1271 545 1315 622 ed
1337 550 1434 623 eodi-

199 659 305 730 cth
337 699 380 710 —-
422 681 464 727 ex
487 663 641 726 omnibus
665 660 880 725 deterioribus
903 662 957 724 bie
978 661 1067 725 solns
1089 665 1137 746 est
1158 661 1372 727 adhibendus
1395 665 1435 727 in

178 770 289 834 verbis
311 765 527 832 recensendis.

283 941 440 1006 Omnium
464 944 574 1004 nutem
599 939 747 1004 eodienm
772 960 846 1004 mss.
868 945 1026 1018 stemma,
1061 939 1149 1022 quod
1172 939 1303 1018 dieunt,
1337 945 1435 1022 post·

178 1065 278 1128 quem
303 1045 344 1109 de
367 1044 510 1108 editione
534 1045 680 1128 principe
703 1044 798 1108 etde
822 1045 1025 1110 versionibus
1048 1045 1221 1128 disputavi,
1255 1045 1433 1110 exhibebo

179 1149 352 1231 depictum.

775 1497 844 1576 54.

246 1755 248 1759 .
272 1703 339 1759 De
358 1718 422 1774 ea,
443 1717 554 1774 quae
574 1704 690 1760 inter
708 1703 889 1758 codices
908 1702 948 1759 A
966 1704 1011 1758 et
1029 1703 1062 1758 V
1080 1704 1327 1778 intercedit,

706 1807 889 1864 ratione.

283 2002 417 2085 Restat,
450 2005 485 2064 nt
520 2000 561 2063 de
596 2000 709 2065 codiee
732 1998 767 2066 A
801 2004 832 2062 et
866 2002 975 2082 priore
997 1999 1102 2064 libelli
1125 2005 1217 2081 parte
1240 2007 1431 2068 accuratius
1523 2033 1524 2086 χ

180 2123 286 2184 agam.
332 2104 509 2167 Aretione
537 2106 564 2167 si
595 2105 846 2186 proficiscimur,
883 2105 1101 2186 quaeeunque
1138 2100 1174 2172 A
1206 2105 1430 2178 deterioribus
1523 2089 1524 2118 ¹

180 2208 277 2288 plura
299 2209 436 2288 praebet
457 2208 581 2282 verba„
619 2209 969 2289 debemus'reoipene,
1003 2207 1136 2291 delere,
1169 2229 1257 2291 quae
1286 2214 1428 2292 ignorat.
1523 2227 1524 2302 l

181 2309 277 2392 Quod
311 2316 423 2374 autem
446 2311 592 2376 eodioem
617 2309 649 2380 V
683 2314 831 2376 emulum
864 2313 1065 2376 deteriorum
1084 2309 1087 2314 ’
1103 2331 1174 2376 esse
1206 2317 1430 2399 archetypum
1523 2303 1524 2318 ¹

181 2433 280 2494 snpra
302 2415 437 2493 ostendi,
462 2417 513 2478 hie
535 2417 623 2480 solus
646 2418 740 2481 nobis
766 2421 814 2480 est
838 2435 897 2498 pro
919 2416 1078 2481 omnibns.
1124 2417 1226 2480 Plura
1259 2420 1359 2501 igitur
1394 2423 1429 2485 in
1523 2475 1524 2486 ,

181 2511 216 2583 Α
240 2518 394 2599 leguntur
416 2518 516 2583 verbe
540 2521 588 2583 his
612 2521 707 2584 loeis:

182 2831 240 2895 13
263 2831 323 2895 καὶ·
341 2831 430 2896 ἔνδον
455 2725 496 2896 δύ
830 2829 919 2895 ἔνδον
944 2830 979 2894 δὲ

182 2937 214 2999 II
237 2937 257 3000 3
281 2937 337 3000 ἅτε
360 2934 399 3020 δὴ
424 2937 479 2999 καὶ
502 2937 573 3022 περὶ
588 2937 704 3022 ταύτης
721 2947 776 3022 τῆς
831 2935 886 2999 καὶ
909 2936 980 3020 περὶ
1002 2934 1117 3021 ταύτης
1140 2934 1175 3000 δὲ
1197 2946 1252 3021 τῆς

181 3040 231 3103 Ill
254 3042 272 3103 1
297 3037 382 3104 ἀλλὰ
405 3043 639 3125 τουτί,πρῶτον
831 3037 916 3104 ἀλλὰ
938 3040 1026 3104 τουτὶ

184 3145 213 3208 V
240 3146 258 3207 1
283 3143 359 3228 ὁρᾶς
382 3145 437 3209 ούν
460 3147 530 3209 εἰπε
829 3145 905 3228 ὁρᾶς
929 3145 997 3208 εἶπε

185 3249 265 3312 VIII
288 3251 305 3312 1
333 3247 349 3311 ὁ
374 3247 409 3311 δὲ
431 3257 492 3313 τῶν
516 3248 696 3332 ἀνθρώπων
720 3271 776 3312 πο-
830 3249 846 3313 ὁ
870 3247 905 3312 δὲ
928 3248 945 3311 ὁ
968 3246 1069 3326 πολὺς
1093 3245 1192 3333 ὄχλος
1210 3249 1303 3326 οὗτος
1322 3249 1429 3334 ὀπερί
1523 3259 1524 3324 ξ

228 3349 284 3428 λὺς
307 3350 407 3437 ὄχλος
430 3355 523 3430 οὗτος
547 3352 564 3415 ὁ
588 3351 659 3436 περὶ

183 3464 263 3526 VIII
285 3464 307 3526 4
329 3461 493 3548 ἐκποιήσει
515 3461 721 3548 διαλέγεσθαι
830 3456 1044 3543 διαλεξόμεθα

183 3568 234 3631 IX
257 3569 274 3629 1
300 3565 342 3643 ὡς
366 3568 404 3631 ἂν
427 3567 483 3630 καί
505 3574 662 3652 γυναῖκας
831 3565 887 3628 καί
908 3573 1064 3650 γυναῖκας

184 3672 234 3736 IX
258 3674 276 3735 2
299 3670 435 3755 ηδύντε
458 3671 513 3734 καί
536 3673 656 3735 ἄπονον
829 3669 908 3754 ηδύν
931 3669 987 3733 καὶ
1011 3671 1130 3732 ἄπονον

185 3776 278 3839 IX4
308 3775 415 3840 ἕνεκεν
447 3775 567 3840 τούτων
591 3774 694 3840 πάντα
718 3778 778 3840 ὅσα
831 3777 938 3839 ἕνεκεν
962 3772 1082 3838 τούτων
1105 3774 1166 3836 ὅσα

185 3880 259 3943 X3
290 3879 356 3963 μετ’
387 3880 485 3942 αὐτοῦ
508 3900 552 3955 τις
576 3877 659 3965 ἄλλη
684 3879 779 3964 ὁμοία
832 3880 910 3963 μετὰ
933 3883 1033 3940 ταῦτα
1055 3875 1100 3953 τίς
1124 3875 1218 3961 ὁμοία

186 3981 219 4048 Χ
241 3986 261 4048 3
284 3983 306 4068 ἡ
329 3982 364 4046 δὲ
387 3980 508 4067 ἀθυμία
520 3979 643 4067 ἀδελφὴ
656 3981 684 4045 δ’
696 3983 778 4047 ἔστιν
831 3982 852 4068 ἡ
876 3980 911 4044 δὲ
934 3977 1057 4064 ἀδελφὴ
1081 3981 1179 4043 αὐτοῦ
1204 3978 1325 4064 ἀθυμία

229 4089 308 4172 αὔτη
332 4089 430 4151 αὐτοῦ
1126 4106 1128 4110 ’
1182 4085 1185 4091 ’

186 4196 219 4259 Χ
240 4196 262 4258 4
285 4193 327 4270 εἰς
350 4193 403 4257 τον
427 4191 534 4276 ἕτερον
557 4191 647 4255 οἶκον
832 4189 875 4266 εἰς
899 4188 1005 4272 ἕτερον
1029 4187 1118 4252 οἶκον

187 4298 220 4361 X
241 4298 263 4360 4
285 4298 388 4380 ἂνμὴ
411 4294 601 4380 ημετοὶνοια
617 4296 702 4358 αὐτῶ
715 4295 779 4358 ἀπὸ
833 4295 870 4357 ἂν
895 4294 936 4376 μὴ
959 4291 981 4376 ἡ
1005 4292 1154 4376 μετάνοια
1177 4295 1263 4358 αὐτῶ
1287 4293 1351 4355 ἀπὸ
1370 4299 1425 4374 της

229 4400 311 4486 τύχη
356 4399 394 4464 ἐκ
422 4397 636 4484 προαιρέσεως
671 4419 781 4464 συναν-
875 4396 974 4482 τύχης
998 4395 1176 4483 συναντήση

230 4503 355 4587 τήσασα
