3062 5070
716 387 931 452 ..54-

202 561 394 626 XXXII16
422 557 506 644 ημᾶς
534 558 589 622 καί
611 560 715 624 αὐτῶν
737 561 794 644 τὴν
847 557 930 644 ημᾶς
980 559 1035 622 καί
1079 560 1194 636 αὐτούς
1243 559 1299 642 την
1337 556 1447 642 φώνην

245 662 353 749 φωνην
369 661 484 728 εἰδέναι
499 662 722 751 ἀκριβέστερον
734 665 797 749 γάρ
894 663 1119 752 ἀκριβεστέραν
1143 664 1228 749 ἔχειν
1252 665 1289 729 ἀν
1311 686 1340 730 τι
1353 663 1448 748 συνή·

246 769 284 832 ἄν
306 789 336 832 τι
359 766 541 853 συνηκαμεν
858 788 995 853 ·καμεν
1062 761 1065 768 ’
1505 785 1506 788 ’

202 873 354 938 XXXIII
376 874 396 936 6
419 870 539 935 κωλύει
561 871 714 958 γενέσθαι
852 857 992 936 κωλύσει
1013 870 1165 957 γενέσθαι

201 976 351 1042 XXXIV
381 979 399 1040 1
438 974 574 1059 πύτερον
618 974 693 1040 οὐδὲ
723 996 799 1059 προ·
853 977 989 1060 πύτερον
1013 975 1106 1041 ούδέν
1128 975 1324 1063 προέχουσιν

248 1078 378 1166 ἔχουσιν

202 1185 353 1252 XXXIV
375 1187 395 1250 3
419 1182 535 1249 εἰδέναι
556 1182 727 1268 γράμματα
757 1220 799 1230 -
853 1183 968 1250 εἰδέναι
991 1184 1047 1268 μὲν
1069 1183 1240 1270 γράμματα
1265 1221 1304 1235 -
1331 1183 1448 1270 ὁμοίως

245 1287 361 1374 ὁμοίως
385 1287 420 1352 δὲ
896 1287 931 1352 δὲ

202 1394 376 1460 XXXV2
411 1393 467 1457 καί
500 1391 530 1457 τί
563 1401 658 1458 τούτο
682 1391 803 1477 ὠφελεῖ
852 1393 908 1457 καί
936 1392 965 1457 τί
986 1400 1081 1457 τοῦτο
1106 1383 1226 1478 ὠφελεῖ
1246 1393 1363 1469 αὐτούς
1386 1391 1448 1476 ἔφη

247 1499 363 1576 αύτούς
387 1497 466 1585 ἔφην

202 1603 336 1669 XXXV
358 1604 377 1668 2
403 1602 465 1686 ἄρα
489 1601 516 1666 εἰ
539 1601 772 1688 εὐκινητύτεροι
853 1603 915 1687 ἀρα
936 1603 957 1687 ἢ
981 1600 1199 1686 ἀκινητότεροι

890 1705 966 1790 [ἀρα
989 1704 1207 1790 ἀκινητύτεροι
1229 1707 1336 1786 Dros.]

203 1811 379 1876 XXXV3
409 1815 477 1885 πῶς
507 1816 601 1874 τούτο
633 1809 711 1894 ἔφην
735 1807 799 1893 ἐγὼ
852 1817 919 1887 πῶς
950 1809 1027 1893 ἔφην
1058 1817 1151 1874 τοῦτο
1182 1809 1326 1895 ἔγὼ.ύτι
1348 1810 1381 1876 ἔν
1403 1819 1449 1875 τῶ
1511 1869 1512 1872 ,

247 1915 295 1977 ὅτι
325 1913 354 1977 οῑ
377 1912 409 1978 ἐν
432 1920 476 1976 τῶ
500 1912 616 1996 πρώτω
639 1911 798 1999 περιβάλω
894 1911 1010 1996 πρώτω
1033 1912 1193 1999 περιβάλω
1209 1912 1235 1977 εἰ
1252 1913 1350 2000 μηδὲν
1366 1913 1449 1978 άλλο

248 2017 275 2081 εἰ
298 2016 394 2102 μηδὲν
417 2014 499 2081 ἄλλο
895 2017 987 2102 [ἔφην
1022 2016 1085 2102 ἐγὼ
1120 2026 1213 2082 τούτο
1248 2019 1295 2082 ὅτι
1327 2017 1356 2082 οἱ
1392 2019 1448 2103 μὲν

895 2119 927 2184 ἔν
952 2157 993 2167 --
1016 2120 1045 2185 οἱ
1057 2120 1092 2184 δὲ
1104 2120 1137 2187 ἔν
1149 2129 1193 2206 τῷ
1210 2119 1348 2205 δευτέρῳ
1361 2142 1447 2205 περι·
1512 2117 1513 2148 ³

203 2223 335 2291 XXXV
359 2227 379 2288 5
403 2221 519 2308 ὄφελος
544 2223 615 2308 ὑμῖν
639 2225 727 2289 ἔσται
852 2222 968 2309 ὄφελος
992 2225 1079 2288 ἔσται
1163 2223 1268 2312 [βάλω
1293 2224 1320 2288 εἰ
1343 2229 1449 2304 Dros.]

853 2329 954 2410 [ἔσται
977 2328 1048 2413 ύμῖν
1072 2326 1108 2398 Μ
1129 2330 1235 2408 Πνύκ]

203 2432 353 2500 XXXVI
386 2437 405 2498 1
439 2433 475 2496 τύ
510 2430 655 2498 εύδοκεῖν
688 2455 731 2498 m.
759 2435 799 2501 II.
852 2433 887 2496 τὸ
912 2431 1051 2512 εὐδοξεῖν

248 2555 329 2602 corr.
353 2535 532 2621 εὐδοκιμεῖν

112 2679 115 2684 ,
204 2641 394 2737 XXXVI1
428 2640 484 2704 καί
512 2643 573 2706 ὅσοι
595 2641 717 2719 τούτοις
741 2663 800 2706 πα·
852 2640 908 2706 καί
930 2644 969 2706 τά
992 2641 1090 2707 λοιπά
1113 2646 1174 2708 ὅσοι
1196 2645 1319 2724 τούτοις
1348 2667 1448 2731 παροι-
1514 2667 1515 2670 ’

248 2743 411 2830 ραπλήσιοι
896 2743 1017 2830 πλήσια

204 2846 221 2886 *
243 2849 392 2913 XXXVI
415 2852 434 2913 2
465 2847 549 2913 πάνυ
572 2851 635 2934 γάρ
659 2847 800 2934 παράδο-
853 2848 936 2913 πάνυ
958 2851 1021 2936 γάρ
1043 2850 1118 2936 ἡμῖν
1140 2852 1382 2938 παράδοξον-
1399 2852 1449 2917 δο-

248 2949 399 3038 ξονὴμῖν
425 2950 582 3016 -δοκεῖ
896 2962 951 3016 κεῖ
1052 3024 1057 3034 ,

203 3058 387 3123 XXXVI2
412 3059 471 3143 ἀγε
487 3056 591 3122 τοίνυν
616 3059 675 3145 ἔφη
700 3067 801 3145 πειρῶ
854 3057 912 3146 άχε
953 3056 1057 3123 τοίνυν
1098 3068 1197 3143 πειρῶ
1225 3060 1285 3146 ἔφη
1317 3059 1449 3145 ἀποκρί-

251 3159 489 3245 ἀποκρίνοισύοιι
897 3159 1016 3224 νασθαι

203 3264 352 3332 XXXVI
375 3268 395 3330 3
418 3264 474 3330 ἐὰν
498 3274 609 3345 κακῶς
631 3289 675 3344 τις
698 3267 738 3353 ζη
854 3265 915 3328 κᾶν
940 3273 1051 3343 κακῶς
1074 3288 1118 3344 τις
1141 3267 1179 3354 ζη

204 3370 370 3435 XXXVII
404 3372 421 3433 1
466 3372 508 3454 μὴ
545 3371 608 3436 ούν.
636 3370 802 3447 ἀπιθάνως
855 3371 897 3453 μὴ
922 3371 978 3434 ούν
1002 3370 1167 3450 ἀπιθάνως
1196 3371 1271 3458 λέγε
1294 3371 1450 3438 ἀδύνατον

248 3469 323 3557 λέγε
346 3470 502 3538 ἀδύνατον
524 3476 561 3538 τὸ
579 3475 803 3560 αύτὸπρᾶγμα
897 3476 959 3559 γάρ
989 3476 1025 3538 τὸ
1055 3477 1133 3540 αὐτὸ
1161 3485 1293 3561 πρᾶγμα
1316 3476 1371 3540 καί
1394 3498 1450 3539 κοι-

248 3577 353 3641 κακὸν
380 3578 583 3664 καίἀγαύὸν
607 3580 801 3644 εἶναιτοῦτο
898 3579 957 3642 κον
999 3577 1054 3641 καί
1094 3579 1220 3664 ἀγαθον
1255 3579 1333 3644 εἶναι
1367 3581 1449 3644 ούτω

248 3680 303 3764 μὲν
344 3682 407 3766 γάρ
447 3682 503 3745 καί
544 3681 703 3768 ύφέλιμον
746 3683 803 3746 καί
899 3680 954 3765 μὲν
999 3683 1061 3766 γάρ
1106 3684 1162 3748 καὶ
1203 3682 1362 3767 ὠφέλιμον
1397 3685 1451 3748 καὶ

249 3782 405 3872 βλαβερὸν
444 3787 481 3850 ἂν
515 3788 562 3872 εἴη
593 3787 649 3850 καί
678 3786 802 3872 αἱρετὸν
898 3783 1056 3872 βλαβερὸν
1088 3789 1125 3852 ἀν
1160 3790 1207 3873 εἴη
1240 3788 1297 3851 καί
1326 3787 1450 3873 αἱρετὸν

247 3886 304 3951 καί
333 3890 470 3971 φευκτὸν
501 3892 536 3954 τὸ
568 3891 646 3957 αὐτὸ
669 3900 803 3976 πρᾶγμα
898 3888 954 3953 καὶ
976 3893 1114 3974 φευκτὸν
1137 3893 1203 3977 ἀρα
1226 3891 1276 3954 ἀεὶ

251 3991 301 4058 ἀεὶ
900 3998 1044 4080 [πρᾶγμα
1060 3997 1127 4080 ἀμοι
1143 3995 1199 4060 καί
1219 3997 1322 4061 κακον
1344 3998 1450 4075 Βιοε]

205 4098 412 4166 xxxvss2
444 4095 530 4161 ἀλλά
560 4103 628 4174 πῶς
661 4097 735 4184 οὐχὶ
766 4099 802 4161 τὸ
857 4097 943 4163 ἀλλά
967 4107 1035 4178 πῶς
1067 4102 1129 4165 οὐκ
1151 4101 1237 4165 εἰτὸ
1259 4107 1370 4177 κακῶς
1393 4099 1450 4184 ζην

248 4208 359 4279 κακῶς
388 4201 446 4287 ζην
476 4201 502 4264 ὢ
528 4201 566 4266 ἂν
591 4201 721 4287 ύπάρχη
744 4222 803 4266 κοι-
900 4205 925 4267 ύ
960 4206 998 4270 ἂν
1022 4205 1152 4291 ύπάρχη
1175 4204 1279 4270 κακόν
1300 4225 1330 4269 τι
1353 4203 1450 4287 ὑπάρ-

248 4304 307 4370 κύν
337 4326 367 4370 τι
400 4306 485 4370 αύτῶ
516 4303 654 4391 ὑπάρχει
684 4305 803 4370 οὐκοῦν
900 4327 950 4393 χει
983 4309 1069 4373 αὐτῶ
1104 4310 1207 4374 κακον
1230 4309 1308 4373 αὐτὸ
1330 4308 1366 4372 τὸ
1391 4307 1448 4392 ζῆν

249 4412 276 4476 εἰ
318 4413 422 4478 κακόν
460 4433 490 4478 τι
537 4413 676 4499 ὑπάρχει
715 4413 802 4478 αὐτῶ
899 4411 983 4477 ἔστιν

249 4518 353 4583 κακον
376 4519 453 4584 αὐτὸ
476 4519 512 4584 τὸ
536 4516 594 4603 ζην
615 4515 698 4582 ἔστιν
