3062 5070
703 389 916 452 -14-

187 566 257 629 solo
281 565 341 628 hoc
362 564 556 645 argumento
571 577 635 626 nou
650 551 753 642 possis
768 563 835 625 niti.
879 562 944 627 Sed
961 562 1087 627 accedit
1108 563 1220 646 aliud3
1241 564 1321 628 libri
1343 567 1440 630 euim

187 673 413 758 tegumentum
436 668 567 731 omuino
590 667 762 730 Francisco
792 667 817 731 1.
838 671 996 748 regnante
1017 669 1221 748 (1515-47)
1245 670 1437 733 confectum

188 778 257 856 est,
292 792 367 835 cum
403 773 474 835 eius
496 755 590 852 sigua
622 769 762 852 gerat¹);
796 773 829 835 iu
864 790 929 854 quo
959 773 1086 838 nullum
1116 774 1294 854 vestigium
1324 779 1440 838 exstat

186 881 301 957 postea
322 876 407 939 libro
429 876 497 937 iam
520 875 622 954 ligato
645 873 712 937 alia
734 875 921 953 accessisse,
952 877 1148 956 praesertim
1170 895 1247 940 cum
1269 877 1438 958 Polyaeni

185 980 361 1061 strategias
383 983 514 1042 centum
538 982 570 1041 et
591 977 811 1061 qnadraginta
832 979 986 1044 loliorum
1008 981 1150 1061 spetlum
1172 981 1342 1062 impleant,
1368 982 1437 1044 uisi

188 1083 274 1147 libro
296 1084 362 1146 iam
387 1083 488 1163 ligato
511 1081 651 1145 conicias
675 1099 724 1160 ee,
747 1099 833 1163 quea
855 1083 980 1160 insunt,
1004 1101 1076 1148 esse
1097 1085 1317 1166 transscripta,
1341 1083 1436 1168 quod

187 1189 267 1250 mihi
290 1188 419 1269 lougius
442 1187 559 1250 abesse
581 1184 711 1249 videtur
733 1205 754 1249 a
778 1188 924 1256 veritate.

290 1291 378 1355 Tum
412 1291 446 1353 iu
467 1290 575 1372 iudice
598 1308 699 1353 mauu
728 1291 898 1354 simillima
920 1292 969 1373 ei,
1002 1310 1088 1373 ques
1110 1292 1243 1356 Aeliani
1265 1311 1334 1357 var.
1356 1291 1433 1358 hist.

185 1398 351 1481 exaravit,
385 1396 405 1458 f.
429 1394 477 1456 D⁸
504 1412 623 1475 graece
655 1395 775 1475 scripto
808 1395 936 1472 omnia,
980 1413 1067 1477 quae
1096 1398 1314 1482 eontinentur,
1350 1417 1430 1462 enu-

184 1507 371 1579 merantur,
416 1501 559 1579 excoptis
604 1500 698 1563 brevi
741 1505 927 1580 temporum
967 1502 1133 1564 notatione
1167 1535 1206 1548 -
1237 1501 1305 1565 alia
1338 1505 1429 1566 euim
1512 1489 1513 1552 l

184 1623 284 1673 manu
317 1603 414 1667 iudici
448 1607 497 1666 eet
529 1602 642 1665 addita
665 1637 704 1648 -
730 1603 889 1667 Demetrii
918 1603 1064 1667 Phalarii
1093 1602 1324 1686 apophthegm.
1356 1623 1430 1687 sep-

184 1713 249 1771 tem
271 1708 468 1790 sapientium
492 1710 525 1769 et
546 1708 713 1770 sententiis
737 1726 780 1771 ex
801 1707 960 1789 Euripide
982 1709 1150 1790 excerptis.

257 1787 324 1874 'In
360 1811 464 1874 altero
498 1815 609 1874 autem
642 1809 750 1874 iudice
784 1813 803 1874 f.
834 1810 882 1874 Mb
916 1811 983 1875 alia
1012 1816 1141 1876 vetusta
1168 1832 1269 1877 mauu
1307 1833 1428 1896 graece
1513 1793 1514 1812 ¹

185 1917 364 1996 conscripto
379 1916 491 1978 omnia
514 1913 710 1978 exhibentur
731 1919 862 1996 praeter
884 1915 1059 1980 sententiae
1081 1915 1164 2002 illas,
1186 1917 1243 1980 sed
1259 1919 1425 1983 Bessario-

184 2022 233 2082 nis
268 2020 405 2100 epistola
438 2024 471 2081 et
494 2018 672 2082 Andronici
694 2017 822 2083 Callisti
856 2019 1009 2083 monodia
1042 2020 1110 2084 alie
1142 2040 1243 2084 manu
1272 2020 1427 2086 videntur

184 2122 316 2188 additae
344 2142 438 2206 esse3
478 2124 511 2185 in
546 2125 637 2186 cuius
669 2123 785 2186 indicis
820 2125 884 2188 fine
918 2123 1036 2188 eadem
1060 2143 1159 2188 manu
1184 2129 1321 2189 exorate
1344 2127 1427 2190 baec
1514 2159 1515 2206 ι

183 2227 384 2310 leguntur²):
407 2235 514 2310 κτῆμα
537 2225 689 2291 ἀντωνίου
711 2235 768 2290 τοῦ
785 2225 941 2312 ἐπάρχου,
965 2225 1117 2291 &bebbae
1128 2233 1172 2310 τῷ
1185 2226 1425 2312 ἐπιφανεστάτῳ

183 2328 372 2415 φραγκίσκῳ
384 2337 429 2414 τῷ
441 2327 582 2412 κραταίῳ
595 2329 721 2417 βασιλεῖ
729 2330 862 2414 κελτῶν,
874 2332 917 2408 εἰς
929 2330 1129 2416 εὐχαριστίας
1143 2341 1282 2417 σημεῖον.
1311 2332 1423 2416 Quam

182 2436 330 2500 notulam
370 2437 441 2518 ipse
485 2434 645 2516 Antonius
684 2434 883 2518 Eparehusb
927 2434 1092 2500 addidisse
1135 2437 1168 2499 iu
1212 2437 1320 2502 iudice
1365 2439 1424 2503 illo

183 2559 282 2603 manu
297 2542 419 2603 recenti
434 2539 493 2603 toti
508 2538 592 2604 libro
607 2541 755 2620 praefixo
778 2541 903 2618 dicitur,
927 2539 1013 2622 quod
1038 2558 1096 2620 per
1119 2559 1155 2604 se
1177 2545 1226 2604 est
1240 2543 1424 2623 probabile.
1515 2601 1516 2608 ,

284 2643 350 2706 Sed
383 2645 416 2706 in
450 2642 567 2706 eodem
588 2643 695 2708 iudice
717 2645 848 2708 Aeliani
875 2664 943 2707 var.
974 2645 1112 2709 histob
1136 2644 1252 2708 eodem
1279 2645 1422 2709 Antonio

181 2743 333 2828 Eparcho
368 2765 439 2811 esee
473 2747 636 2828 descripta
662 2749 869 2829 perhibetur,
901 2747 988 2830 quod
1012 2747 1101 2811 idem
1124 2747 1294 2812 vocabulis
1317 2749 1422 2813 Manu

182 2850 298 2916 Arcton.
321 2851 464 2936 Eparcbc'
499 2853 519 2914 f.
542 2852 597 2915 19²
629 2854 662 2914 in
685 2853 833 2933 margine
860 2853 1030 2934 superiore
1053 2872 1153 2915 manu
1177 2855 1320 2932 receuti,
1358 2857 1422 2920 l‘or-

181 2961 267 3020 tasee
289 2957 407 3022 eadem
430 2975 517 3039 quae
539 2956 681 3020 iudicem
704 2957 906 3040 conscripsit,
930 2957 1042 3037 positis
1066 2955 1196 3019 videtur
1219 2958 1421 3039 confirmari3

181 3061 300 3126 eadem
321 3080 438 3126 manus
457 3061 491 3123 in
513 3062 619 3143 primo
643 3061 740 3124 totius
762 3060 839 3123 libri
861 3060 955 3144 folio,
985 3058 1072 3142 quod
1096 3065 1173 3123 uota
1194 3065 1299 3146 caret,
1322 3061 1421 3124 adno-

489 3182 664 3247 Corratautic‘

179 3289 280 3352 tavit:
313 3286 416 3350 Manu
487 3286 618 3352 Masuri

487 3391 638 3476 Eporchc'.

177 3498 250 3576 post
275 3495 473 3560 vocabulum
502 3495 678 3561 Constantii
710 3496 872 3560 vocabula
895 3494 969 3560 Ant.
993 3494 1093 3580 Epor.
1127 3498 1255 3562 exstant
1289 3497 1418 3581 scripta,

283 3753 305 3822 ¹)
340 3751 418 3804 Essai
436 3753 590 3820 historique
608 3770 656 3806 sur
673 3754 701 3806 la
720 3754 911 3823 bibliotheque
929 3755 967 3806 du
986 3755 1047 3807 Roi.
1066 3754 1131 3825 [Par
1147 3754 1184 3806 Le
1196 3755 1314 3826 Prince]
1333 3756 1417 3809 Paris.

178 3837 253 3892 1782.
270 3855 303 3906 p.·
314 3835 364 3890 262
382 3855 422 3908 sq.
440 3838 544 3892 Delisle
562 3840 580 3894 l.
598 3840 615 3892 l.
634 3857 658 3909 p.
678 3839 727 3892 182
747 3857 788 3909 sq.

279 3927 304 3995 ²]
341 3925 494 3995 Schweigh.
514 3926 589 3980 1798.
608 3929 690 3996 prael.
710 3945 735 3996 p.
753 3928 849 3981 CXXI.

279 4015 304 4082 ⁸)
340 4011 381 4065 De
400 4015 464 4067 Ant.
490 4014 540 4082 Ep.
557 4017 589 4067 cs.
613 4015 690 4068 Essai
718 4017 881 4083 historique.
900 4031 924 4082 p.
943 4015 983 4066 20.
1002 4015 1105 4068 Deliele
1124 4017 1140 4068 l.
1159 4018 1175 4069 l.
1195 4034 1218 4086 p.
1239 4019 1301 4070 157:
1338 4021 1364 4070 Il
1382 4030 1416 4071 erl

177 4111 295 4154 coustant
316 4104 358 4168 ια’
383 4103 495 4154 Anteius
519 4090 644 4170 Eparpue
669 4108 737 4156 auoit
761 4109 820 4156 cher
844 4107 883 4155 lui
906 4107 954 4153 bon
979 4107 1083 4154 nornbre
1105 4109 1136 4156 de
1153 4109 1307 4158 ιιιαιιιιιονίια
1326 4116 1350 4158 et
1368 4125 1416 4172 quc

178 4191 310 4252 Franpoia
335 4190 375 4240 It*
399 4192 448 4241 tait
469 4192 501 4256 fit
525 4193 632 4258 quelque
650 4194 714 4242 bien.
750 4194 833 4242 Entre
858 4195 892 4241 les
910 4195 1064 4244 marcuecrita
1080 4211 1150 4257 prece
1169 4212 1216 4259 quc
1234 4211 1300 4245 ιιοτιι
1321 4213 1416 4255 sparton

177 4277 360 4328 concinentem
373 4278 445 4328 avoir
456 4278 513 4344 snit
528 4283 615 4342 partic
635 4281 665 4328 de
677 4282 703 4330 lo
722 4280 889 4344 bibliotheque
909 4281 939 4329 de
954 4281 1164 4344 l‘htztaieehlcan,
1183 4299 1249 4332 nous
1267 4297 1299 4331 eo
1321 4299 1416 4347 royonr

172 4362 234 4427 plue
258 4365 289 4414 de
312 4371 394 4414 trente
418 4381 452 4416 οιι
475 4350 600 4430 Eperquc
625 4365 725 4416 declaro
749 4368 812 4430 qu'it
835 4367 869 4415 leo
893 4367 980 4416 donne
1003 4385 1040 4417 αιι
1062 4368 1104 4417 roi
1121 4385 1175 4433 par
1200 4370 1416 4420 reconnoisraoce.

177 4444 290 4516 [Boivin
314 4448 430 4502 histoire
453 4448 501 4501 des
520 4465 568 4502 me.
586 4465 663 4518 grece
681 4449 865 4516 deFraupoie
884 4449 925 4502 Iar,
958 4453 990 4504 cs.
1009 4451 1112 4506 Dalisle
1131 4455 1215 4522 praes.
1234 4470 1258 4522 p.
1277 4452 1343 4504 Vlll
1362 4455 1414 4524 sq.)

176 4532 283 4587 Nicolai
303 4533 398 4589 Gesch.
417 4535 442 4589 d.
460 4537 617 4606 neugriech.
636 4535 782 4590 Literatur.
801 4534 863 4605 Lpz.
883 4538 955 4592 1876.
974 4557 999 4609 p.
1017 4539 1057 4593 86.
