3062 5070
606 361 818 440 ..53-

376 545 410 618 V
1024 547 1052 618 G
1106 555 1111 569 '

75 671 100 711 ²⁸
127 675 248 738 XXVI
272 676 289 737 1
315 679 377 735 που
401 671 446 736 έτι
469 667 589 756 βαδίζει
738 677 802 734 πού
825 669 946 758 βαδίζει

77 793 100 832 *
127 796 246 859 XXVI
268 797 289 860 3
311 802 423 860 τούτου
447 791 556 858 ούκέτι
590 771 687 858 ούθέν
738 799 851 857 τοῦτον
874 793 972 859 οὐθὲν
996 792 1093 858 λυπεῖ

131 895 232 962 λυπεῖ

87 1019 254 1084 ΧΧΧΙῙ
285 1016 384 1104 ταύτη
417 1017 544 1084 κελεύει
573 1019 616 1104 μὴ
639 1039 687 1082 πι·
738 1017 837 1104 ταύτη
865 1018 993 1084 κελεύει
1020 1020 1080 1105 έφη
1112 1022 1154 1105 μὴ
1177 1018 1334 1084 πιστεύειν

132 1123 255 1188 στεύειν
289 1123 344 1187 καί
366 1122 493 1212 βέβαιον
517 1122 614 1208 μηδὲν
636 1144 687 1188 νο-
781 1123 838 1188 καί
855 1123 982 1213 βέβαιον
1000 1124 1097 1212 μηδὲν
1116 1124 1272 1191 πιστεύειν
1290 1128 1334 1211 μὴ

130 1226 233 1314 μίζειν
257 1226 337 1313 μηδὲ
359 1225 502 1312 ἀσφαλὲς
525 1227 605 1293 εἶναι
783 1226 818 1290 δὲ
841 1227 983 1313 ἀσφαλές
1007 1231 1091 1316 ἔχειν

82 1349 207 1413 XXXI
242 1351 261 1414 2
299 1347 418 1412 κωλύει
455 1345 550 1412 πάλιν
587 1354 687 1413 ταῦτα
738 1347 859 1415 κωλύει
880 1359 980 1418 ταῦτα
1002 1351 1098 1416 πάλιν
1121 1350 1301 1436 ἀφελέσθαι

132 1454 315 1540 ἀφελέσθαι

84 1581 207 1644 XXXI
230 1583 250 1644 2
273 1579 328 1643 καί
350 1579 402 1644 διὰ
424 1577 543 1664 ταύτην
564 1579 621 1662 τὴν
641 1575 686 1639 α’·
739 1576 794 1640 καί
823 1576 876 1642 διὰ
906 1576 1023 1664 ταύτην
1051 1576 1107 1643 οὖν
1140 1580 1197 1663 τὴν
1233 1576 1334 1644 αἰτίαν

130 1683 200 1748 τίαν
239 1683 366 1748 κελεύει
405 1685 486 1769 πρὸς
519 1684 576 1760 τὰς
611 1681 688 1767 παρ’
781 1680 907 1747 κελεύει
937 1685 1016 1768 πρὸς
1050 1685 1107 1761 τάς
1141 1681 1255 1769 ἑαυτῆς
1279 1681 1331 1747 δύ-

135 1790 234 1874 αύτης
276 1787 379 1866 δύσεις
420 1790 507 1866 ἴσους
540 1785 687 1872 γίνεσθαι
782 1813 846 1869 σεις
867 1794 982 1877 ἥττους
1004 1791 1151 1879 γίνεσθαι
1173 1793 1229 1858 καί
1252 1792 1331 1878 μήτε

133 1895 202 1960 οίον
230 1900 297 1970 πῶς
327 1894 415 1969 ἴσους
437 1889 585 1976 γίνεσθαι
608 1888 687 1975 μήτε
782 1894 903 1982 χαίρειν

132 1995 256 2084 χαίρειν
782 1999 971 2086 [ἀηττήτους
994 2004 1101 2082 Dros.]

88 2125 208 2189 XXXI
233 2127 252 2187 5
275 2121 426 2198 ὡσαύτως
438 2117 543 2184 τοίνυν
560 2117 687 2183 κελεύει
739 2119 890 2199 ὡσαύτως
911 2121 1015 2188 τοίνυν
1037 2121 1165 2189 κελεύει
1189 2123 1274 2211 ἔχειν
1297 2127 1334 2190 τὸ

133 2229 221 2314 ἔχειν
258 2230 294 2292 τὸ
331 2225 492 2311 δαιμόνιον
522 2224 577 2287 καί
606 2225 686 2308 πρὸς
782 2225 943 2310 δαιμόνιον
975 2227 1031 2292 καί
1061 2231 1141 2313 πρὸς
1173 2232 1230 2315 τὴν
1259 2229 1336 2315 παρ’

132 2335 190 2417 τὴν
221 2331 296 2417 παρ’
324 2333 421 2415 αὐτης
450 2328 537 2394 δύσιν
569 2348 686 2413 μνημυ-
782 2331 879 2416 αὐτῆς
918 2330 1005 2397 δύσιν
1044 2332 1100 2397 καί
1130 2333 1335 2421 μνημονεύειν

132 2437 234 2502 νεύειν
289 2438 339 2501 ὅτι
385 2435 533 2521 τοιαύτην
593 2431 685 2517 φύσιν
782 2437 829 2500 ύτι
849 2434 998 2522 τοιαύτην
1022 2436 1089 2523 έχει
1112 2425 1333 2526 φύσινήτύχη

133 2543 203 2628 ίχει
224 2541 246 2626 ἡ
268 2541 351 2628 τύχη

87 2663 246 2730 *XXXI
277 2669 296 2729 5
329 2663 422 2742 αὖθις
447 2662 483 2727 δέ
507 2660 686 2747 ἀφελέσθαι
738 2663 832 2740 αὖθις
855 2660 891 2725 δὲ
913 2661 1010 2747 μύνον
1038 2661 1218 2747 ἀφελέσθαι
1240 2663 1262 2726 ἀ
1284 2662 1333 2728 δέ·

131 2769 153 2832 ἃ
183 2767 323 2834 δέδωκεν
346 2770 384 2832 οὐ
407 2768 504 2853 μόνον
535 2765 571 2831 δέ
600 2764 686 2830 ἀλλὰ
782 2767 885 2830 δωκεν
916 2767 954 2831 ού
985 2767 1081 2852 μύνον
1111 2766 1146 2831 δέ
1168 2763 1262 2832 ἀλλά,
1277 2768 1333 2832 καί

131 2873 250 2939 καὶτὰ
273 2872 525 2959 προϋπάρχοντα
781 2874 821 2936 τά
843 2870 1096 2957 προϋπάρχοντα

89 3001 206 3066 XXXI
235 3001 256 3063 6
287 2997 307 3060 ά
337 3006 414 3082 γοῦν
444 2993 553 3061 δίδωσι
576 2996 685 3087 λαβεῖν
739 2993 759 3056 ά
791 3002 869 3079 γοῦν
903 2989 980 3056 διδῶ
1013 2989 1139 3056 κελεύει
1161 2991 1333 3082 λαμβάνειν

130 3104 258 3170 κελεύει
280 3103 356 3187 παρ’
378 3106 475 3187 αὐτῆς
498 3101 554 3165 καί
577 3102 686 3168 συντύ-
781 3095 857 3182 παρ’
879 3098 977 3181 αὐτῆς
992 3094 1048 3158 καί
1060 3096 1221 3182 συντύμως
1234 3098 1332 3163 ἀπελ-

132 3231 197 3294 μως
228 3205 382 3272 ἀπελθεῖν
407 3205 583 3294 βλέποντας
606 3208 686 3291 πρὸς
781 3202 852 3266 θεῖν
876 3201 994 3287 έχοντα
1015 3200 1094 3284 πρὸς
1117 3222 1148 3265 κ.
1171 3223 1198 3268 τ.
1223 3202 1252 3267 λ.

131 3316 188 3398 τὴν
211 3311 341 3402 βεβαίαν
364 3311 420 3375 καί
442 3308 573 3395 ἀσφαλῆ
598 3309 685 3375 δύσιν
782 3304 922 3388 [κελεύει
941 3303 1065 3392 ,λαβεῖν
1110 3341 1153 3354 -
1198 3307 1333 3393 ἔχοντας

781 3413 888 3490 Dros.]

91 3540 222 3604 XXXII
256 3541 276 3602 2
315 3537 337 3623 ἡ
372 3536 499 3624 ἀληθὴς
529 3534 685 3622 ἐπιστήμη
737 3532 759 3618 ἡ
800 3529 927 3616 ἀληθὴς
970 3530 1126 3615 ἐπιστήμη
1171 3531 1231 3617 ἔφη
1271 3537 1335 3596 τῶν

131 3652 193 3709 τῶν
206 3641 430 3728 συμφερόντων
443 3642 503 3727 ἔφη
516 3638 572 3703 καί
585 3639 687 3724 ἀσφα-
783 3635 1008 3721 συμφερόντων
1036 3635 1092 3700 καί
1114 3635 1262 3721 ἀσφαλὴς
1284 3633 1336 3700 δύ-

132 3747 190 3832 λὴς
216 3747 302 3826 δύσις
325 3747 380 3811 καί
402 3746 514 3836 βεβαία
536 3745 592 3810 καί
613 3746 686 3831 ἀμε·
783 3762 830 3818 σις
872 3740 928 3804 καί
969 3739 1082 3830 βεβαία
1120 3740 1176 3804 καί
1221 3739 1336 3826 ἀμετά-

130 3849 309 3936 ταμέλητος
639 3923 645 3930 ι
782 3845 901 3936 βλητος

94 3975 242 4040 XXXIII
275 3979 299 4042 4
339 3986 449 4062 χρῆμα
483 3975 588 4062 μέντοι
622 3976 688 4042 ἐστί
740 3967 883 4054 χρήσιμα
912 3965 1018 4052 μέντοι
1048 3968 1114 4034 ἐστί
1141 3968 1220 4052 πρὸς
1243 3964 1335 4030 δὲτὸ

132 4079 211 4163 πρὸς
238 4080 275 4142 τὸ
307 4078 554 4166 συντομωτέρως
578 4079 687 4146 ἐλθεῖν
784 4066 928 4159 βελτίους
958 4072 1110 4158 γενέσθαι
1139 4069 1232 4136 οὐδέν
1260 4089 1336 4154 συμ-

132 4185 212 4267 πρὸς
242 4181 278 4247 δέ
307 4185 344 4248 τὸ
368 4183 513 4272 βελτίους
535 4185 689 4270 γενέσθαι
785 4171 939 4264 βάλλεται
960 4187 1060 4243 ταῦτα

135 4285 228 4352 οὐδέν
252 4285 429 4374 συμβάλλει
450 4297 551 4354 ταῦτα

93 4391 282 4456 XXXIII5
316 4388 409 4456 οὐδέν
438 4393 503 4477 ἀρα
537 4391 616 4480 ίφην
639 4391 690 4461 λί-
743 4391 836 4464 οὐδέν
860 4393 923 4478 ἀρα
946 4389 1050 4479 λέγεις

132 4515 198 4582 m
